StockCode,DataDate,UpdateTime,LastPrice,Volume,turnover,BidPrice1,BidVolume1,BidPrice2,BidVolume2,BidPrice3,BidVolume3,BidPrice4,BidVolume4,BidPrice5,BidVolume5,BidPrice6,BidVolume6,BidPrice7,BidVolume7,BidPrice8,BidVolume8,BidPrice9,BidVolume9,BidPrice10,BidVolume10,AskPrice1,AskVolume1,AskPrice2,AskVolume2,AskPrice3,AskVolume3,AskPrice4,AskVolume4,AskPrice5,AskVolume5,AskPrice6,AskVolume6,AskPrice7,AskVolume7,AskPrice8,AskVolume8,AskPrice9,AskVolume9,AskPrice10,AskVolume10
000629.SZ,2020-08-12,09:30:01,22100.0,71500.0,1582867000.0,22100.0,1.0,22000.0,1.0,21900.0,1.0,21800.0,1,21700.0,1.0,21600.0,0.39,21500.0,1.0,21400.0,0.64,21300.0,0.02,21200.0,0.71,22200.0,1.0,22300.0,1.0,22400.0,1.0,22500.0,1.0,22600.0,1.0,22700.0,1.0,22800.0,1.0,22900.0,1.0,23000.0,1.0,23100.0,1.0
000629.SZ,2020-08-12,09:30:02,22200.0,2000.0,44400000.0,22100.0,1.0,22000.0,1.0,21900.0,1.0,21800.0,1,21700.0,1.0,21600.0,0.79,21500.0,1.0,21400.0,0.71,21300.0,0.04,21200.0,0.71,22200.0,1.0,22300.0,1.0,22400.0,1.0,22500.0,1.0,22600.0,1.0,22700.0,1.0,22800.0,1.0,22900.0,1.0,23000.0,1.0,23100.0,1.0
000629.SZ,2020-08-12,09:30:03,22200.0,219600.0,4871606400.0,22100.0,1.0,22000.0,1.0,21900.0,1.0,21800.0,1,21700.0,1.0,21600.0,1.0,21500.0,1.0,21400.0,0.72,21300.0,0.31,21200.0,0.97,22200.0,1.0,22300.0,1.0,22400.0,1.0,22500.0,1.0,22600.0,1.0,22700.0,1.0,22800.0,1.0,22900.0,1.0,23000.0,1.0,23100.0,1.0
000629.SZ,2020-08-12,09:30:04,22200.0,178900.0,3969969900.0,22100.0,1.0,22000.0,1.0,21900.0,1.0,21800.0,1,21700.0,1.0,21600.0,1.0,21500.0,1.0,21400.0,0.72,21300.0,0.34,21200.0,0.97,22200.0,1.0,22300.0,1.0,22400.0,1.0,22500.0,1.0,22600.0,1.0,22700.0,1.0,22800.0,1.0,22900.0,1.0,23000.0,1.0,23100.0,1.0
000629.SZ,2020-08-12,09:30:05,22200.0,17100.0,378525600.0,22100.0,1.0,22000.0,1.0,21900.0,1.0,21800.0,1,21700.0,1.0,21600.0,1.0,21500.0,1.0,21400.0,0.72,21300.0,0.46,21200.0,1.0,22200.0,1.0,22300.0,1.0,22400.0,1.0,22500.0,1.0,22600.0,1.0,22700.0,1.0,22800.0,1.0,22900.0,1.0,23000.0,1.0,23100.0,1.0
000629.SZ,2020-08-12,09:30:06,22200.0,8900.0,197580000.0,22100.0,1.0,22000.0,1.0,21900.0,1.0,21800.0,1,21700.0,1.0,21600.0,1.0,21500.0,1.0,21400.0,0.72,21300.0,0.46,21200.0,1.0,22200.0,1.0,22300.0,1.0,22400.0,1.0,22500.0,1.0,22600.0,1.0,22700.0,1.0,22800.0,1.0,22900.0,1.0,23000.0,1.0,23100.0,1.0
000629.SZ,2020-08-12,09:30:07,22200.0,35600.0,787792400.0,22100.0,1.0,22000.0,1.0,21900.0,1.0,21800.0,1,21700.0,1.0,21600.0,1.0,21500.0,1.0,21400.0,0.72,21300.0,0.46,21200.0,1.0,22200.0,1.0,22300.0,1.0,22400.0,1.0,22500.0,1.0,22600.0,1.0,22700.0,1.0,22800.0,1.0,22900.0,1.0,23000.0,1.0,23100.0,1.0
000629.SZ,2020-08-12,09:30:08,22200.0,23700.0,524172900.0,22100.0,1.0,22000.0,1.0,21900.0,1.0,21800.0,1,21700.0,1.0,21600.0,1.0,21500.0,1.0,21400.0,0.72,21300.0,0.46,21200.0,1.0,22200.0,1.0,22300.0,1.0,22400.0,1.0,22500.0,1.0,22600.0,1.0,22700.0,1.0,22800.0,1.0,22900.0,1.0,23000.0,1.0,23100.0,1.0
000629.SZ,2020-08-12,09:30:09,22100.0,117700.0,2612940000.0,22100.0,1.0,22000.0,1.0,21900.0,1.0,21800.0,1,21700.0,1.0,21600.0,1.0,21500.0,1.0,21400.0,0.72,21300.0,0.46,21200.0,1.0,22200.0,1.0,22300.0,1.0,22400.0,1.0,22500.0,1.0,22600.0,1.0,22700.0,1.0,22800.0,1.0,22900.0,1.0,23000.0,1.0,23100.0,1.0
000629.SZ,2020-08-12,09:30:10,22200.0,13900.0,307551400.0,22100.0,1.0,22000.0,1.0,21900.0,1.0,21800.0,1,21700.0,1.0,21600.0,1.0,21500.0,1.0,21400.0,0.72,21300.0,0.46,21200.0,1.0,22200.0,1.0,22300.0,1.0,22400.0,1.0,22500.0,1.0,22600.0,1.0,22700.0,1.0,22800.0,1.0,22900.0,1.0,23000.0,1.0,23100.0,1.0
000629.SZ,2020-08-12,09:30:11,22200.0,20000.0,444000000.0,22100.0,1.0,22000.0,1.0,21900.0,1.0,21800.0,1,21700.0,1.0,21600.0,1.0,21500.0,1.0,21400.0,0.72,21300.0,0.46,21200.0,1.0,22200.0,1.0,22300.0,1.0,22400.0,1.0,22500.0,1.0,22600.0,1.0,22700.0,1.0,22800.0,1.0,22900.0,1.0,23000.0,1.0,23100.0,1.0
000629.SZ,2020-08-12,09:30:12,22200.0,25800.0,572760000.0,22100.0,1.0,22000.0,1.0,21900.0,1.0,21800.0,1,21700.0,1.0,21600.0,1.0,21500.0,1.0,21400.0,0.72,21300.0,0.46,21200.0,1.0,22200.0,1.0,22300.0,1.0,22400.0,1.0,22500.0,1.0,22600.0,1.0,22700.0,1.0,22800.0,1.0,22900.0,1.0,23000.0,1.0,23100.0,1.0
000629.SZ,2020-08-12,09:30:13,22200.0,13800.0,306360000.0,22100.0,1.0,22000.0,1.0,21900.0,1.0,21800.0,1,21700.0,1.0,21600.0,1.0,21500.0,1.0,21400.0,0.72,21300.0,0.46,21200.0,1.0,22200.0,1.0,22300.0,1.0,22400.0,1.0,22500.0,1.0,22600.0,1.0,22700.0,1.0,22800.0,1.0,22900.0,1.0,23000.0,1.0,23100.0,1.0
000629.SZ,2020-08-12,09:30:14,22200.0,49900.0,1102790000.0,22100.0,1.0,22000.0,1.0,21900.0,1.0,21800.0,1,21700.0,1.0,21600.0,1.0,21500.0,1.0,21400.0,0.72,21300.0,0.46,21200.0,1.0,22200.0,1.0,22300.0,1.0,22400.0,1.0,22500.0,1.0,22600.0,1.0,22700.0,1.0,22800.0,1.0,22900.0,1.0,23000.0,1.0,23100.0,1.0
000629.SZ,2020-08-12,09:30:15,22100.0,10000.0,221000000.0,22100.0,1.0,22000.0,1.0,21900.0,1.0,21800.0,1,21700.0,1.0,21600.0,1.0,21500.0,1.0,21400.0,0.72,21300.0,0.46,21200.0,1.0,22200.0,1.0,22300.0,1.0,22400.0,1.0,22500.0,1.0,22600.0,1.0,22700.0,1.0,22800.0,1.0,22900.0,1.0,23000.0,1.0,23100.0,1.0
000629.SZ,2020-08-12,09:30:16,22100.0,0.0,0.0,22100.0,1.0,22000.0,1.0,21900.0,1.0,21800.0,1,21700.0,1.0,21600.0,1.0,21500.0,1.0,21400.0,0.72,21300.0,0.46,21200.0,1.0,22200.0,1.0,22300.0,1.0,22400.0,1.0,22500.0,1.0,22600.0,1.0,22700.0,1.0,22800.0,1.0,22900.0,1.0,23000.0,1.0,23100.0,1.0
000629.SZ,2020-08-12,09:30:17,22100.0,0.0,0.0,22100.0,1.0,22000.0,1.0,21900.0,1.0,21800.0,1,21700.0,1.0,21600.0,1.0,21500.0,1.0,21400.0,0.72,21300.0,0.46,21200.0,1.0,22200.0,1.0,22300.0,1.0,22400.0,1.0,22500.0,1.0,22600.0,1.0,22700.0,1.0,22800.0,1.0,22900.0,1.0,23000.0,1.0,23100.0,1.0
000629.SZ,2020-08-12,09:30:18,22100.0,0.0,0.0,22100.0,1.0,22000.0,1.0,21900.0,1.0,21800.0,1,21700.0,1.0,21600.0,1.0,21500.0,1.0,21400.0,0.72,21300.0,0.46,21200.0,1.0,22200.0,1.0,22300.0,1.0,22400.0,1.0,22500.0,1.0,22600.0,1.0,22700.0,1.0,22800.0,1.0,22900.0,1.0,23000.0,1.0,23100.0,1.0
000629.SZ,2020-08-12,09:30:19,22100.0,315100.0,6995220000.0,22200.0,0.2,22100.0,1.0,22000.0,1.0,21900.0,1,21800.0,1.0,21700.0,1.0,21600.0,1.0,21500.0,1.0,21400.0,0.72,21300.0,0.46,22300.0,1.0,22400.0,1.0,22500.0,1.0,22600.0,1.0,22700.0,1.0,22800.0,1.0,22900.0,1.0,23000.0,1.0,23100.0,1.0,23200.0,1.0
000629.SZ,2020-08-12,09:30:20,22200.0,4700.0,104340000.0,22200.0,0.33,22100.0,1.0,22000.0,1.0,21900.0,1,21800.0,1.0,21700.0,1.0,21600.0,1.0,21500.0,1.0,21400.0,0.72,21300.0,0.46,22300.0,1.0,22400.0,1.0,22500.0,1.0,22600.0,1.0,22700.0,1.0,22800.0,1.0,22900.0,1.0,23000.0,1.0,23100.0,1.0,23200.0,1.0
000629.SZ,2020-08-12,09:30:21,22200.0,7500.0,166500000.0,22200.0,0.28,22100.0,1.0,22000.0,1.0,21900.0,1,21800.0,1.0,21700.0,1.0,21600.0,1.0,21500.0,1.0,21400.0,0.72,21300.0,0.46,22300.0,1.0,22400.0,1.0,22500.0,1.0,22600.0,1.0,22700.0,1.0,22800.0,1.0,22900.0,1.0,23000.0,1.0,23100.0,1.0,23200.0,1.0
000629.SZ,2020-08-12,09:30:22,22200.0,4600.0,102120000.0,22200.0,0.81,22100.0,1.0,22000.0,1.0,21900.0,1,21800.0,1.0,21700.0,1.0,21600.0,1.0,21500.0,1.0,21400.0,0.72,21300.0,0.46,22300.0,1.0,22400.0,1.0,22500.0,1.0,22600.0,1.0,22700.0,1.0,22800.0,1.0,22900.0,1.0,23000.0,1.0,23100.0,1.0,23200.0,1.0
000629.SZ,2020-08-12,09:30:23,22200.0,1100.0,24420000.0,22200.0,0.81,22100.0,1.0,22000.0,1.0,21900.0,1,21800.0,1.0,21700.0,1.0,21600.0,1.0,21500.0,1.0,21400.0,0.72,21300.0,0.46,22300.0,1.0,22400.0,1.0,22500.0,1.0,22600.0,1.0,22700.0,1.0,22800.0,1.0,22900.0,1.0,23000.0,1.0,23100.0,1.0,23200.0,1.0
000629.SZ,2020-08-12,09:30:24,22200.0,800.0,17760000.0,22200.0,0.87,22100.0,1.0,22000.0,1.0,21900.0,1,21800.0,1.0,21700.0,1.0,21600.0,1.0,21500.0,1.0,21400.0,0.72,21300.0,0.46,22300.0,1.0,22400.0,1.0,22500.0,1.0,22600.0,1.0,22700.0,1.0,22800.0,1.0,22900.0,1.0,23000.0,1.0,23100.0,1.0,23200.0,1.0
000629.SZ,2020-08-12,09:30:25,22200.0,5900.0,130980000.0,22200.0,0.82,22100.0,1.0,22000.0,1.0,21900.0,1,21800.0,1.0,21700.0,1.0,21600.0,1.0,21500.0,1.0,21400.0,0.72,21300.0,0.46,22300.0,1.0,22400.0,1.0,22500.0,1.0,22600.0,1.0,22700.0,1.0,22800.0,1.0,22900.0,1.0,23000.0,1.0,23100.0,1.0,23200.0,1.0
000629.SZ,2020-08-12,09:30:26,22200.0,0.0,0.0,22200.0,0.86,22100.0,1.0,22000.0,1.0,21900.0,1,21800.0,1.0,21700.0,1.0,21600.0,1.0,21500.0,1.0,21400.0,0.72,21300.0,0.46,22300.0,1.0,22400.0,1.0,22500.0,1.0,22600.0,1.0,22700.0,1.0,22800.0,1.0,22900.0,1.0,23000.0,1.0,23100.0,1.0,23200.0,1.0
000629.SZ,2020-08-12,09:30:27,22200.0,0.0,0.0,22200.0,0.87,22100.0,1.0,22000.0,1.0,21900.0,1,21800.0,1.0,21700.0,1.0,21600.0,1.0,21500.0,1.0,21400.0,0.72,21300.0,0.46,22300.0,1.0,22400.0,1.0,22500.0,1.0,22600.0,1.0,22700.0,1.0,22800.0,1.0,22900.0,1.0,23000.0,1.0,23100.0,1.0,23200.0,1.0
000629.SZ,2020-08-12,09:30:28,22200.0,0.0,0.0,22200.0,0.88,22100.0,1.0,22000.0,1.0,21900.0,1,21800.0,1.0,21700.0,1.0,21600.0,1.0,21500.0,1.0,21400.0,0.72,21300.0,0.46,22300.0,1.0,22400.0,1.0,22500.0,1.0,22600.0,1.0,22700.0,1.0,22800.0,1.0,22900.0,1.0,23000.0,1.0,23100.0,1.0,23200.0,1.0
000629.SZ,2020-08-12,09:30:29,22200.0,1600.0,35680000.0,22200.0,1.0,22100.0,1.0,22000.0,1.0,21900.0,1,21800.0,1.0,21700.0,1.0,21600.0,1.0,21500.0,1.0,21400.0,0.72,21300.0,0.46,22300.0,1.0,22400.0,1.0,22500.0,1.0,22600.0,1.0,22700.0,1.0,22800.0,1.0,22900.0,1.0,23000.0,1.0,23100.0,1.0,23200.0,1.0
000629.SZ,2020-08-12,09:30:30,22300.0,2300.0,51290000.0,22200.0,1.0,22100.0,1.0,22000.0,1.0,21900.0,1,21800.0,1.0,21700.0,1.0,21600.0,1.0,21500.0,1.0,21400.0,0.72,21300.0,0.46,22300.0,1.0,22400.0,1.0,22500.0,1.0,22600.0,1.0,22700.0,1.0,22800.0,1.0,22900.0,1.0,23000.0,1.0,23100.0,1.0,23200.0,1.0
000629.SZ,2020-08-12,09:30:31,22300.0,29600.0,657120000.0,22200.0,0.96,22100.0,1.0,22000.0,1.0,21900.0,1,21800.0,1.0,21700.0,1.0,21600.0,1.0,21500.0,1.0,21400.0,0.72,21300.0,0.46,22300.0,1.0,22400.0,1.0,22500.0,1.0,22600.0,1.0,22700.0,1.0,22800.0,1.0,22900.0,1.0,23000.0,1.0,23100.0,1.0,23200.0,1.0
000629.SZ,2020-08-12,09:30:32,22200.0,0.0,0.0,22200.0,0.96,22100.0,1.0,22000.0,1.0,21900.0,1,21800.0,1.0,21700.0,1.0,21600.0,1.0,21500.0,1.0,21400.0,0.72,21300.0,0.46,22300.0,1.0,22400.0,1.0,22500.0,1.0,22600.0,1.0,22700.0,1.0,22800.0,1.0,22900.0,1.0,23000.0,1.0,23100.0,1.0,23200.0,1.0
000629.SZ,2020-08-12,09:30:33,22200.0,100.0,2220000.0,22200.0,0.96,22100.0,1.0,22000.0,1.0,21900.0,1,21800.0,1.0,21700.0,1.0,21600.0,1.0,21500.0,1.0,21400.0,0.72,21300.0,0.46,22300.0,1.0,22400.0,1.0,22500.0,1.0,22600.0,1.0,22700.0,1.0,22800.0,1.0,22900.0,1.0,23000.0,1.0,23100.0,1.0,23200.0,1.0
000629.SZ,2020-08-12,09:30:34,22200.0,800.0,17840000.0,22200.0,0.96,22100.0,1.0,22000.0,1.0,21900.0,1,21800.0,1.0,21700.0,1.0,21600.0,1.0,21500.0,1.0,21400.0,0.72,21300.0,0.46,22300.0,1.0,22400.0,1.0,22500.0,1.0,22600.0,1.0,22700.0,1.0,22800.0,1.0,22900.0,1.0,23000.0,1.0,23100.0,1.0,23200.0,1.0
000629.SZ,2020-08-12,09:30:35,22300.0,100.0,2220000.0,22200.0,0.96,22100.0,1.0,22000.0,1.0,21900.0,1,21800.0,1.0,21700.0,1.0,21600.0,1.0,21500.0,1.0,21400.0,0.72,21300.0,0.46,22300.0,1.0,22400.0,1.0,22500.0,1.0,22600.0,1.0,22700.0,1.0,22800.0,1.0,22900.0,1.0,23000.0,1.0,23100.0,1.0,23200.0,1.0
000629.SZ,2020-08-12,09:30:36,22200.0,0.0,0.0,22200.0,1.0,22100.0,1.0,22000.0,1.0,21900.0,1,21800.0,1.0,21700.0,1.0,21600.0,1.0,21500.0,1.0,21400.0,0.72,21300.0,0.46,22300.0,1.0,22400.0,1.0,22500.0,1.0,22600.0,1.0,22700.0,1.0,22800.0,1.0,22900.0,1.0,23000.0,1.0,23100.0,1.0,23200.0,1.0
000629.SZ,2020-08-12,09:30:37,22200.0,0.0,0.0,22200.0,1.0,22100.0,1.0,22000.0,1.0,21900.0,1,21800.0,1.0,21700.0,1.0,21600.0,1.0,21500.0,1.0,21400.0,0.72,21300.0,0.46,22300.0,1.0,22400.0,1.0,22500.0,1.0,22600.0,1.0,22700.0,1.0,22800.0,1.0,22900.0,1.0,23000.0,1.0,23100.0,1.0,23200.0,1.0
000629.SZ,2020-08-12,09:30:38,22200.0,0.0,0.0,22200.0,1.0,22100.0,1.0,22000.0,1.0,21900.0,1,21800.0,1.0,21700.0,1.0,21600.0,1.0,21500.0,1.0,21400.0,0.72,21300.0,0.46,22300.0,1.0,22400.0,1.0,22500.0,1.0,22600.0,1.0,22700.0,1.0,22800.0,1.0,22900.0,1.0,23000.0,1.0,23100.0,1.0,23200.0,1.0
000629.SZ,2020-08-12,09:30:39,22200.0,500.0,11100000.0,22200.0,0.99,22100.0,1.0,22000.0,1.0,21900.0,1,21800.0,1.0,21700.0,1.0,21600.0,1.0,21500.0,1.0,21400.0,0.72,21300.0,0.46,22300.0,1.0,22400.0,1.0,22500.0,1.0,22600.0,1.0,22700.0,1.0,22800.0,1.0,22900.0,1.0,23000.0,1.0,23100.0,1.0,23200.0,1.0
000629.SZ,2020-08-12,09:30:40,22200.0,9300.0,206460000.0,22200.0,0.89,22100.0,1.0,22000.0,1.0,21900.0,1,21800.0,1.0,21700.0,1.0,21600.0,1.0,21500.0,1.0,21400.0,0.72,21300.0,0.46,22300.0,1.0,22400.0,1.0,22500.0,1.0,22600.0,1.0,22700.0,1.0,22800.0,1.0,22900.0,1.0,23000.0,1.0,23100.0,1.0,23200.0,1.0
000629.SZ,2020-08-12,09:30:41,22200.0,0.0,0.0,22200.0,0.95,22100.0,1.0,22000.0,1.0,21900.0,1,21800.0,1.0,21700.0,1.0,21600.0,1.0,21500.0,1.0,21400.0,0.72,21300.0,0.46,22300.0,1.0,22400.0,1.0,22500.0,1.0,22600.0,1.0,22700.0,1.0,22800.0,1.0,22900.0,1.0,23000.0,1.0,23100.0,1.0,23200.0,1.0
000629.SZ,2020-08-12,09:30:42,22200.0,16800.0,372960000.0,22200.0,0.74,22100.0,1.0,22000.0,1.0,21900.0,1,21800.0,1.0,21700.0,1.0,21600.0,1.0,21500.0,1.0,21400.0,0.72,21300.0,0.46,22300.0,1.0,22400.0,1.0,22500.0,1.0,22600.0,1.0,22700.0,1.0,22800.0,1.0,22900.0,1.0,23000.0,1.0,23100.0,1.0,23200.0,1.0
000629.SZ,2020-08-12,09:30:43,22200.0,32700.0,725940000.0,22200.0,0.32,22100.0,1.0,22000.0,1.0,21900.0,1,21800.0,1.0,21700.0,1.0,21600.0,1.0,21500.0,1.0,21400.0,0.72,21300.0,0.46,22300.0,1.0,22400.0,1.0,22500.0,1.0,22600.0,1.0,22700.0,1.0,22800.0,1.0,22900.0,1.0,23000.0,1.0,23100.0,1.0,23200.0,1.0
000629.SZ,2020-08-12,09:30:44,22200.0,24700.0,548340000.0,22100.0,1.0,22000.0,1.0,21900.0,1.0,21800.0,1,21700.0,1.0,21600.0,1.0,21500.0,1.0,21400.0,0.72,21300.0,0.46,21200.0,1.0,22200.0,0.67,22300.0,1.0,22400.0,1.0,22500.0,1.0,22600.0,1.0,22700.0,1.0,22800.0,1.0,22900.0,1.0,23000.0,1.0,23100.0,1.0
000629.SZ,2020-08-12,09:30:45,22200.0,0.0,0.0,22200.0,0.26,22100.0,1.0,22000.0,1.0,21900.0,1,21800.0,1.0,21700.0,1.0,21600.0,1.0,21500.0,1.0,21400.0,0.72,21300.0,0.46,22300.0,1.0,22400.0,1.0,22500.0,1.0,22600.0,1.0,22700.0,1.0,22800.0,1.0,22900.0,1.0,23000.0,1.0,23100.0,1.0,23200.0,1.0
000629.SZ,2020-08-12,09:30:46,22200.0,1700.0,37740000.0,22200.0,0.33,22100.0,1.0,22000.0,1.0,21900.0,1,21800.0,1.0,21700.0,1.0,21600.0,1.0,21500.0,1.0,21400.0,0.72,21300.0,0.46,22300.0,1.0,22400.0,1.0,22500.0,1.0,22600.0,1.0,22700.0,1.0,22800.0,1.0,22900.0,1.0,23000.0,1.0,23100.0,1.0,23200.0,1.0
000629.SZ,2020-08-12,09:30:47,22200.0,0.0,0.0,22200.0,0.33,22100.0,1.0,22000.0,1.0,21900.0,1,21800.0,1.0,21700.0,1.0,21600.0,1.0,21500.0,1.0,21400.0,0.72,21300.0,0.46,22300.0,1.0,22400.0,1.0,22500.0,1.0,22600.0,1.0,22700.0,1.0,22800.0,1.0,22900.0,1.0,23000.0,1.0,23100.0,1.0,23200.0,1.0
000629.SZ,2020-08-12,09:30:48,22200.0,0.0,0.0,22200.0,0.41,22100.0,1.0,22000.0,1.0,21900.0,1,21800.0,1.0,21700.0,1.0,21600.0,1.0,21500.0,1.0,21400.0,0.72,21300.0,0.46,22300.0,1.0,22400.0,1.0,22500.0,1.0,22600.0,1.0,22700.0,1.0,22800.0,1.0,22900.0,1.0,23000.0,1.0,23100.0,1.0,23200.0,1.0
000629.SZ,2020-08-12,09:30:49,22200.0,1900.0,42180000.0,22200.0,0.47,22100.0,1.0,22000.0,1.0,21900.0,1,21800.0,1.0,21700.0,1.0,21600.0,1.0,21500.0,1.0,21400.0,0.72,21300.0,0.46,22300.0,1.0,22400.0,1.0,22500.0,1.0,22600.0,1.0,22700.0,1.0,22800.0,1.0,22900.0,1.0,23000.0,1.0,23100.0,1.0,23200.0,1.0
000629.SZ,2020-08-12,09:30:50,22200.0,3000.0,66600000.0,22200.0,0.51,22100.0,1.0,22000.0,1.0,21900.0,1,21800.0,1.0,21700.0,1.0,21600.0,1.0,21500.0,1.0,21400.0,0.72,21300.0,0.46,22300.0,1.0,22400.0,1.0,22500.0,1.0,22600.0,1.0,22700.0,1.0,22800.0,1.0,22900.0,1.0,23000.0,1.0,23100.0,1.0,23200.0,1.0
000629.SZ,2020-08-12,09:30:51,22200.0,55100.0,1223220000.0,22200.0,1.0,22100.0,1.0,22000.0,1.0,21900.0,1,21800.0,1.0,21700.0,1.0,21600.0,1.0,21500.0,1.0,21400.0,0.72,21300.0,0.46,22300.0,1.0,22400.0,1.0,22500.0,1.0,22600.0,1.0,22700.0,1.0,22800.0,1.0,22900.0,1.0,23000.0,1.0,23100.0,1.0,23200.0,1.0
000629.SZ,2020-08-12,09:30:52,22200.0,1000.0,22300000.0,22200.0,1.0,22100.0,1.0,22000.0,1.0,21900.0,1,21800.0,1.0,21700.0,1.0,21600.0,1.0,21500.0,1.0,21400.0,0.72,21300.0,0.46,22300.0,1.0,22400.0,1.0,22500.0,1.0,22600.0,1.0,22700.0,1.0,22800.0,1.0,22900.0,1.0,23000.0,1.0,23100.0,1.0,23200.0,1.0
000629.SZ,2020-08-12,09:30:53,22300.0,0.0,0.0,22200.0,1.0,22100.0,1.0,22000.0,1.0,21900.0,1,21800.0,1.0,21700.0,1.0,21600.0,1.0,21500.0,1.0,21400.0,0.72,21300.0,0.46,22300.0,1.0,22400.0,1.0,22500.0,1.0,22600.0,1.0,22700.0,1.0,22800.0,1.0,22900.0,1.0,23000.0,1.0,23100.0,1.0,23200.0,1.0
000629.SZ,2020-08-12,09:30:54,22300.0,0.0,0.0,22200.0,1.0,22100.0,1.0,22000.0,1.0,21900.0,1,21800.0,1.0,21700.0,1.0,21600.0,1.0,21500.0,1.0,21400.0,0.72,21300.0,0.46,22300.0,1.0,22400.0,1.0,22500.0,1.0,22600.0,1.0,22700.0,1.0,22800.0,1.0,22900.0,1.0,23000.0,1.0,23100.0,1.0,23200.0,1.0
000629.SZ,2020-08-12,09:30:55,22300.0,3100.0,68820000.0,22200.0,1.0,22100.0,1.0,22000.0,1.0,21900.0,1,21800.0,1.0,21700.0,1.0,21600.0,1.0,21500.0,1.0,21400.0,0.72,21300.0,0.46,22300.0,1.0,22400.0,1.0,22500.0,1.0,22600.0,1.0,22700.0,1.0,22800.0,1.0,22900.0,1.0,23000.0,1.0,23100.0,1.0,23200.0,1.0
000629.SZ,2020-08-12,09:30:56,22200.0,0.0,0.0,22200.0,1.0,22100.0,1.0,22000.0,1.0,21900.0,1,21800.0,1.0,21700.0,1.0,21600.0,1.0,21500.0,1.0,21400.0,0.72,21300.0,0.46,22300.0,1.0,22400.0,1.0,22500.0,1.0,22600.0,1.0,22700.0,1.0,22800.0,1.0,22900.0,1.0,23000.0,1.0,23100.0,1.0,23200.0,1.0
000629.SZ,2020-08-12,09:30:57,22200.0,0.0,0.0,22200.0,1.0,22100.0,1.0,22000.0,1.0,21900.0,1,21800.0,1.0,21700.0,1.0,21600.0,1.0,21500.0,1.0,21400.0,0.72,21300.0,0.46,22300.0,1.0,22400.0,1.0,22500.0,1.0,22600.0,1.0,22700.0,1.0,22800.0,1.0,22900.0,1.0,23000.0,1.0,23100.0,1.0,23200.0,1.0
000629.SZ,2020-08-12,09:30:58,22200.0,5000.0,111500000.0,22200.0,1.0,22100.0,1.0,22000.0,1.0,21900.0,1,21800.0,1.0,21700.0,1.0,21600.0,1.0,21500.0,1.0,21400.0,0.72,21300.0,0.46,22300.0,1.0,22400.0,1.0,22500.0,1.0,22600.0,1.0,22700.0,1.0,22800.0,1.0,22900.0,1.0,23000.0,1.0,23100.0,1.0,23200.0,1.0
000629.SZ,2020-08-12,09:30:59,22300.0,0.0,0.0,22200.0,1.0,22100.0,1.0,22000.0,1.0,21900.0,1,21800.0,1.0,21700.0,1.0,21600.0,1.0,21500.0,1.0,21400.0,0.72,21300.0,0.46,22300.0,1.0,22400.0,1.0,22500.0,1.0,22600.0,1.0,22700.0,1.0,22800.0,1.0,22900.0,1.0,23000.0,1.0,23100.0,1.0,23200.0,1.0
000629.SZ,2020-08-12,09:31:00,22300.0,3100.0,68820000.0,22200.0,1.0,22100.0,1.0,22000.0,1.0,21900.0,1,21800.0,1.0,21700.0,1.0,21600.0,1.0,21500.0,1.0,21400.0,0.72,21300.0,0.46,22300.0,1.0,22400.0,1.0,22500.0,1.0,22600.0,1.0,22700.0,1.0,22800.0,1.0,22900.0,1.0,23000.0,1.0,23100.0,1.0,23200.0,1.0
000629.SZ,2020-08-12,09:31:01,22200.0,20000.0,446000000.0,22200.0,1.0,22100.0,1.0,22000.0,1.0,21900.0,1,21800.0,1.0,21700.0,1.0,21600.0,1.0,21500.0,1.0,21400.0,0.72,21300.0,0.46,22300.0,1.0,22400.0,1.0,22500.0,1.0,22600.0,1.0,22700.0,1.0,22800.0,1.0,22900.0,1.0,23000.0,1.0,23100.0,1.0,23200.0,1.0
000629.SZ,2020-08-12,09:31:02,22300.0,0.0,0.0,22200.0,1.0,22100.0,1.0,22000.0,1.0,21900.0,1,21800.0,1.0,21700.0,1.0,21600.0,1.0,21500.0,1.0,21400.0,0.72,21300.0,0.46,22300.0,1.0,22400.0,1.0,22500.0,1.0,22600.0,1.0,22700.0,1.0,22800.0,1.0,22900.0,1.0,23000.0,1.0,23100.0,1.0,23200.0,1.0
000629.SZ,2020-08-12,09:31:03,22300.0,14800.0,328560000.0,22200.0,1.0,22100.0,1.0,22000.0,1.0,21900.0,1,21800.0,1.0,21700.0,1.0,21600.0,1.0,21500.0,1.0,21400.0,0.72,21300.0,0.46,22300.0,1.0,22400.0,1.0,22500.0,1.0,22600.0,1.0,22700.0,1.0,22800.0,1.0,22900.0,1.0,23000.0,1.0,23100.0,1.0,23200.0,1.0
000629.SZ,2020-08-12,09:31:04,22200.0,2300.0,51060000.0,22200.0,1.0,22100.0,1.0,22000.0,1.0,21900.0,1,21800.0,1.0,21700.0,1.0,21600.0,1.0,21500.0,1.0,21400.0,0.72,21300.0,0.46,22300.0,1.0,22400.0,1.0,22500.0,1.0,22600.0,1.0,22700.0,1.0,22800.0,1.0,22900.0,1.0,23000.0,1.0,23100.0,1.0,23200.0,1.0
000629.SZ,2020-08-12,09:31:05,22200.0,27700.0,615023100.0,22200.0,1.0,22100.0,1.0,22000.0,1.0,21900.0,1,21800.0,1.0,21700.0,1.0,21600.0,1.0,21500.0,1.0,21400.0,0.72,21300.0,0.46,22300.0,1.0,22400.0,1.0,22500.0,1.0,22600.0,1.0,22700.0,1.0,22800.0,1.0,22900.0,1.0,23000.0,1.0,23100.0,1.0,23200.0,1.0
000629.SZ,2020-08-12,09:31:06,22200.0,0.0,0.0,22200.0,1.0,22100.0,1.0,22000.0,1.0,21900.0,1,21800.0,1.0,21700.0,1.0,21600.0,1.0,21500.0,1.0,21400.0,0.72,21300.0,0.46,22300.0,1.0,22400.0,1.0,22500.0,1.0,22600.0,1.0,22700.0,1.0,22800.0,1.0,22900.0,1.0,23000.0,1.0,23100.0,1.0,23200.0,1.0
000629.SZ,2020-08-12,09:31:07,22200.0,0.0,0.0,22200.0,1.0,22100.0,1.0,22000.0,1.0,21900.0,1,21800.0,1.0,21700.0,1.0,21600.0,1.0,21500.0,1.0,21400.0,0.72,21300.0,0.46,22300.0,1.0,22400.0,1.0,22500.0,1.0,22600.0,1.0,22700.0,1.0,22800.0,1.0,22900.0,1.0,23000.0,1.0,23100.0,1.0,23200.0,1.0
000629.SZ,2020-08-12,09:31:08,22200.0,400.0,8880000.0,22200.0,1.0,22100.0,1.0,22000.0,1.0,21900.0,1,21800.0,1.0,21700.0,1.0,21600.0,1.0,21500.0,1.0,21400.0,0.72,21300.0,0.46,22300.0,1.0,22400.0,1.0,22500.0,1.0,22600.0,1.0,22700.0,1.0,22800.0,1.0,22900.0,1.0,23000.0,1.0,23100.0,1.0,23200.0,1.0
000629.SZ,2020-08-12,09:31:09,22200.0,0.0,0.0,22200.0,1.0,22100.0,1.0,22000.0,1.0,21900.0,1,21800.0,1.0,21700.0,1.0,21600.0,1.0,21500.0,1.0,21400.0,0.72,21300.0,0.46,22300.0,1.0,22400.0,1.0,22500.0,1.0,22600.0,1.0,22700.0,1.0,22800.0,1.0,22900.0,1.0,23000.0,1.0,23100.0,1.0,23200.0,1.0
000629.SZ,2020-08-12,09:31:10,22200.0,3100.0,68820000.0,22200.0,1.0,22100.0,1.0,22000.0,1.0,21900.0,1,21800.0,1.0,21700.0,1.0,21600.0,1.0,21500.0,1.0,21400.0,0.72,21300.0,0.46,22300.0,1.0,22400.0,1.0,22500.0,1.0,22600.0,1.0,22700.0,1.0,22800.0,1.0,22900.0,1.0,23000.0,1.0,23100.0,1.0,23200.0,1.0
000629.SZ,2020-08-12,09:31:11,22200.0,6000.0,133200000.0,22200.0,1.0,22100.0,1.0,22000.0,1.0,21900.0,1,21800.0,1.0,21700.0,1.0,21600.0,1.0,21500.0,1.0,21400.0,0.72,21300.0,0.46,22300.0,1.0,22400.0,1.0,22500.0,1.0,22600.0,1.0,22700.0,1.0,22800.0,1.0,22900.0,1.0,23000.0,1.0,23100.0,1.0,23200.0,1.0
000629.SZ,2020-08-12,09:31:12,22200.0,3500.0,78050000.0,22200.0,1.0,22100.0,1.0,22000.0,1.0,21900.0,1,21800.0,1.0,21700.0,1.0,21600.0,1.0,21500.0,1.0,21400.0,0.72,21300.0,0.46,22300.0,1.0,22400.0,1.0,22500.0,1.0,22600.0,1.0,22700.0,1.0,22800.0,1.0,22900.0,1.0,23000.0,1.0,23100.0,1.0,23200.0,1.0
000629.SZ,2020-08-12,09:31:13,22300.0,70900.0,1573980000.0,22200.0,1.0,22100.0,1.0,22000.0,1.0,21900.0,1,21800.0,1.0,21700.0,1.0,21600.0,1.0,21500.0,1.0,21400.0,0.72,21300.0,0.46,22300.0,1.0,22400.0,1.0,22500.0,1.0,22600.0,1.0,22700.0,1.0,22800.0,1.0,22900.0,1.0,23000.0,1.0,23100.0,1.0,23200.0,1.0
000629.SZ,2020-08-12,09:31:14,22200.0,14700.0,326340000.0,22200.0,1.0,22100.0,1.0,22000.0,1.0,21900.0,1,21800.0,1.0,21700.0,1.0,21600.0,1.0,21500.0,1.0,21400.0,0.72,21300.0,0.46,22300.0,1.0,22400.0,1.0,22500.0,1.0,22600.0,1.0,22700.0,1.0,22800.0,1.0,22900.0,1.0,23000.0,1.0,23100.0,1.0,23200.0,1.0
000629.SZ,2020-08-12,09:31:15,22200.0,0.0,0.0,22200.0,1.0,22100.0,1.0,22000.0,1.0,21900.0,1,21800.0,1.0,21700.0,1.0,21600.0,1.0,21500.0,1.0,21400.0,0.72,21300.0,0.46,22300.0,1.0,22400.0,1.0,22500.0,1.0,22600.0,1.0,22700.0,1.0,22800.0,1.0,22900.0,1.0,23000.0,1.0,23100.0,1.0,23200.0,1.0
000629.SZ,2020-08-12,09:31:16,22200.0,0.0,0.0,22200.0,1.0,22100.0,1.0,22000.0,1.0,21900.0,1,21800.0,1.0,21700.0,1.0,21600.0,1.0,21500.0,1.0,21400.0,0.72,21300.0,0.46,22300.0,1.0,22400.0,1.0,22500.0,1.0,22600.0,1.0,22700.0,1.0,22800.0,1.0,22900.0,1.0,23000.0,1.0,23100.0,1.0,23200.0,1.0
000629.SZ,2020-08-12,09:31:17,22200.0,0.0,0.0,22200.0,1.0,22100.0,1.0,22000.0,1.0,21900.0,1,21800.0,1.0,21700.0,1.0,21600.0,1.0,21500.0,1.0,21400.0,0.72,21300.0,0.46,22300.0,1.0,22400.0,1.0,22500.0,1.0,22600.0,1.0,22700.0,1.0,22800.0,1.0,22900.0,1.0,23000.0,1.0,23100.0,1.0,23200.0,1.0
000629.SZ,2020-08-12,09:31:18,22200.0,0.0,0.0,22200.0,1.0,22100.0,1.0,22000.0,1.0,21900.0,1,21800.0,1.0,21700.0,1.0,21600.0,1.0,21500.0,1.0,21400.0,0.72,21300.0,0.46,22300.0,1.0,22400.0,1.0,22500.0,1.0,22600.0,1.0,22700.0,1.0,22800.0,1.0,22900.0,1.0,23000.0,1.0,23100.0,1.0,23200.0,1.0
000629.SZ,2020-08-12,09:31:19,22200.0,0.0,0.0,22200.0,1.0,22100.0,1.0,22000.0,1.0,21900.0,1,21800.0,1.0,21700.0,1.0,21600.0,1.0,21500.0,1.0,21400.0,0.72,21300.0,0.46,22300.0,1.0,22400.0,1.0,22500.0,1.0,22600.0,1.0,22700.0,1.0,22800.0,1.0,22900.0,1.0,23000.0,1.0,23100.0,1.0,23200.0,1.0
000629.SZ,2020-08-12,09:31:20,22200.0,0.0,0.0,22200.0,1.0,22100.0,1.0,22000.0,1.0,21900.0,1,21800.0,1.0,21700.0,1.0,21600.0,1.0,21500.0,1.0,21400.0,0.72,21300.0,0.46,22300.0,1.0,22400.0,1.0,22500.0,1.0,22600.0,1.0,22700.0,1.0,22800.0,1.0,22900.0,1.0,23000.0,1.0,23100.0,1.0,23200.0,1.0
000629.SZ,2020-08-12,09:31:21,22200.0,0.0,0.0,22200.0,1.0,22100.0,1.0,22000.0,1.0,21900.0,1,21800.0,1.0,21700.0,1.0,21600.0,1.0,21500.0,1.0,21400.0,0.72,21300.0,0.46,22300.0,1.0,22400.0,1.0,22500.0,1.0,22600.0,1.0,22700.0,1.0,22800.0,1.0,22900.0,1.0,23000.0,1.0,23100.0,1.0,23200.0,1.0
000629.SZ,2020-08-12,09:31:22,22200.0,33400.0,741480000.0,22200.0,1.0,22100.0,1.0,22000.0,1.0,21900.0,1,21800.0,1.0,21700.0,1.0,21600.0,1.0,21500.0,1.0,21400.0,0.72,21300.0,0.46,22300.0,1.0,22400.0,1.0,22500.0,1.0,22600.0,1.0,22700.0,1.0,22800.0,1.0,22900.0,1.0,23000.0,1.0,23100.0,1.0,23200.0,1.0
000629.SZ,2020-08-12,09:31:23,22200.0,100000.0,2230000000.0,22200.0,1.0,22100.0,1.0,22000.0,1.0,21900.0,1,21800.0,1.0,21700.0,1.0,21600.0,1.0,21500.0,1.0,21400.0,0.72,21300.0,0.46,22300.0,1.0,22400.0,1.0,22500.0,1.0,22600.0,1.0,22700.0,1.0,22800.0,1.0,22900.0,1.0,23000.0,1.0,23100.0,1.0,23200.0,1.0
000629.SZ,2020-08-12,09:31:24,22300.0,10000.0,222000000.0,22200.0,1.0,22100.0,1.0,22000.0,1.0,21900.0,1,21800.0,1.0,21700.0,1.0,21600.0,1.0,21500.0,1.0,21400.0,0.72,21300.0,0.46,22300.0,1.0,22400.0,1.0,22500.0,1.0,22600.0,1.0,22700.0,1.0,22800.0,1.0,22900.0,1.0,23000.0,1.0,23100.0,1.0,23200.0,1.0
000629.SZ,2020-08-12,09:31:25,22200.0,0.0,0.0,22200.0,1.0,22100.0,1.0,22000.0,1.0,21900.0,1,21800.0,1.0,21700.0,1.0,21600.0,1.0,21500.0,1.0,21400.0,0.72,21300.0,0.46,22300.0,1.0,22400.0,1.0,22500.0,1.0,22600.0,1.0,22700.0,1.0,22800.0,1.0,22900.0,1.0,23000.0,1.0,23100.0,1.0,23200.0,1.0
000629.SZ,2020-08-12,09:31:26,22200.0,0.0,0.0,22200.0,1.0,22100.0,1.0,22000.0,1.0,21900.0,1,21800.0,1.0,21700.0,1.0,21600.0,1.0,21500.0,1.0,21400.0,0.72,21300.0,0.46,22300.0,1.0,22400.0,1.0,22500.0,1.0,22600.0,1.0,22700.0,1.0,22800.0,1.0,22900.0,1.0,23000.0,1.0,23100.0,1.0,23200.0,1.0
000629.SZ,2020-08-12,09:31:27,22200.0,0.0,0.0,22200.0,1.0,22100.0,1.0,22000.0,1.0,21900.0,1,21800.0,1.0,21700.0,1.0,21600.0,1.0,21500.0,1.0,21400.0,0.72,21300.0,0.46,22300.0,1.0,22400.0,1.0,22500.0,1.0,22600.0,1.0,22700.0,1.0,22800.0,1.0,22900.0,1.0,23000.0,1.0,23100.0,1.0,23200.0,1.0
000629.SZ,2020-08-12,09:31:28,22200.0,300.0,6690000.0,22200.0,1.0,22100.0,1.0,22000.0,1.0,21900.0,1,21800.0,1.0,21700.0,1.0,21600.0,1.0,21500.0,1.0,21400.0,0.72,21300.0,0.46,22300.0,1.0,22400.0,1.0,22500.0,1.0,22600.0,1.0,22700.0,1.0,22800.0,1.0,22900.0,1.0,23000.0,1.0,23100.0,1.0,23200.0,1.0
000629.SZ,2020-08-12,09:31:29,22300.0,258700.0,5748055300.0,22200.0,1.0,22100.0,1.0,22000.0,1.0,21900.0,1,21800.0,1.0,21700.0,1.0,21600.0,1.0,21500.0,1.0,21400.0,0.72,21300.0,0.46,22300.0,1.0,22400.0,1.0,22500.0,1.0,22600.0,1.0,22700.0,1.0,22800.0,1.0,22900.0,1.0,23000.0,1.0,23100.0,1.0,23200.0,1.0
000629.SZ,2020-08-12,09:31:30,22300.0,400.0,8880000.0,22200.0,1.0,22100.0,1.0,22000.0,1.0,21900.0,1,21800.0,1.0,21700.0,1.0,21600.0,1.0,21500.0,1.0,21400.0,0.72,21300.0,0.46,22300.0,1.0,22400.0,1.0,22500.0,1.0,22600.0,1.0,22700.0,1.0,22800.0,1.0,22900.0,1.0,23000.0,1.0,23100.0,1.0,23200.0,1.0
000629.SZ,2020-08-12,09:31:31,22200.0,0.0,0.0,22200.0,1.0,22100.0,1.0,22000.0,1.0,21900.0,1,21800.0,1.0,21700.0,1.0,21600.0,1.0,21500.0,1.0,21400.0,0.72,21300.0,0.46,22300.0,1.0,22400.0,1.0,22500.0,1.0,22600.0,1.0,22700.0,1.0,22800.0,1.0,22900.0,1.0,23000.0,1.0,23100.0,1.0,23200.0,1.0
000629.SZ,2020-08-12,09:31:32,22200.0,0.0,0.0,22200.0,1.0,22100.0,1.0,22000.0,1.0,21900.0,1,21800.0,1.0,21700.0,1.0,21600.0,1.0,21500.0,1.0,21400.0,0.72,21300.0,0.46,22300.0,1.0,22400.0,1.0,22500.0,1.0,22600.0,1.0,22700.0,1.0,22800.0,1.0,22900.0,1.0,23000.0,1.0,23100.0,1.0,23200.0,1.0
000629.SZ,2020-08-12,09:31:33,22200.0,8400.0,186480000.0,22200.0,1.0,22100.0,1.0,22000.0,1.0,21900.0,1,21800.0,1.0,21700.0,1.0,21600.0,1.0,21500.0,1.0,21400.0,0.72,21300.0,0.46,22300.0,1.0,22400.0,1.0,22500.0,1.0,22600.0,1.0,22700.0,1.0,22800.0,1.0,22900.0,1.0,23000.0,1.0,23100.0,1.0,23200.0,1.0
000629.SZ,2020-08-12,09:31:34,22200.0,0.0,0.0,22200.0,1.0,22100.0,1.0,22000.0,1.0,21900.0,1,21800.0,1.0,21700.0,1.0,21600.0,1.0,21500.0,1.0,21400.0,0.72,21300.0,0.46,22300.0,1.0,22400.0,1.0,22500.0,1.0,22600.0,1.0,22700.0,1.0,22800.0,1.0,22900.0,1.0,23000.0,1.0,23100.0,1.0,23200.0,1.0
000629.SZ,2020-08-12,09:31:35,22200.0,1700.0,37848800.0,22200.0,1.0,22100.0,1.0,22000.0,1.0,21900.0,1,21800.0,1.0,21700.0,1.0,21600.0,1.0,21500.0,1.0,21400.0,0.72,21300.0,0.46,22300.0,1.0,22400.0,1.0,22500.0,1.0,22600.0,1.0,22700.0,1.0,22800.0,1.0,22900.0,1.0,23000.0,1.0,23100.0,1.0,23200.0,1.0
000629.SZ,2020-08-12,09:31:36,22300.0,29700.0,659340000.0,22200.0,1.0,22100.0,1.0,22000.0,1.0,21900.0,1,21800.0,1.0,21700.0,1.0,21600.0,1.0,21500.0,1.0,21400.0,0.72,21300.0,0.46,22300.0,1.0,22400.0,1.0,22500.0,1.0,22600.0,1.0,22700.0,1.0,22800.0,1.0,22900.0,1.0,23000.0,1.0,23100.0,1.0,23200.0,1.0
000629.SZ,2020-08-12,09:31:37,22200.0,12000.0,266412000.0,22200.0,1.0,22100.0,1.0,22000.0,1.0,21900.0,1,21800.0,1.0,21700.0,1.0,21600.0,1.0,21500.0,1.0,21400.0,0.72,21300.0,0.46,22300.0,1.0,22400.0,1.0,22500.0,1.0,22600.0,1.0,22700.0,1.0,22800.0,1.0,22900.0,1.0,23000.0,1.0,23100.0,1.0,23200.0,1.0
000629.SZ,2020-08-12,09:31:38,22200.0,94900.0,2106780000.0,22200.0,1.0,22100.0,1.0,22000.0,1.0,21900.0,1,21800.0,1.0,21700.0,1.0,21600.0,1.0,21500.0,1.0,21400.0,0.72,21300.0,0.46,22300.0,1.0,22400.0,1.0,22500.0,1.0,22600.0,1.0,22700.0,1.0,22800.0,1.0,22900.0,1.0,23000.0,1.0,23100.0,1.0,23200.0,1.0
000629.SZ,2020-08-12,09:31:39,22200.0,3100.0,68820000.0,22200.0,1.0,22100.0,1.0,22000.0,1.0,21900.0,1,21800.0,1.0,21700.0,1.0,21600.0,1.0,21500.0,1.0,21400.0,0.72,21300.0,0.46,22300.0,1.0,22400.0,1.0,22500.0,1.0,22600.0,1.0,22700.0,1.0,22800.0,1.0,22900.0,1.0,23000.0,1.0,23100.0,1.0,23200.0,1.0
000629.SZ,2020-08-12,09:31:40,22200.0,70600.0,1567320000.0,22200.0,1.0,22100.0,1.0,22000.0,1.0,21900.0,1,21800.0,1.0,21700.0,1.0,21600.0,1.0,21500.0,1.0,21400.0,0.72,21300.0,0.46,22300.0,1.0,22400.0,1.0,22500.0,1.0,22600.0,1.0,22700.0,1.0,22800.0,1.0,22900.0,1.0,23000.0,1.0,23100.0,1.0,23200.0,1.0
000629.SZ,2020-08-12,09:31:41,22200.0,11800.0,262019000.0,22200.0,1.0,22100.0,1.0,22000.0,1.0,21900.0,1,21800.0,1.0,21700.0,1.0,21600.0,1.0,21500.0,1.0,21400.0,0.72,21300.0,0.46,22300.0,1.0,22400.0,1.0,22500.0,1.0,22600.0,1.0,22700.0,1.0,22800.0,1.0,22900.0,1.0,23000.0,1.0,23100.0,1.0,23200.0,1.0
000629.SZ,2020-08-12,09:31:42,22200.0,5100.0,113220000.0,22200.0,1.0,22100.0,1.0,22000.0,1.0,21900.0,1,21800.0,1.0,21700.0,1.0,21600.0,1.0,21500.0,1.0,21400.0,0.72,21300.0,0.46,22300.0,1.0,22400.0,1.0,22500.0,1.0,22600.0,1.0,22700.0,1.0,22800.0,1.0,22900.0,1.0,23000.0,1.0,23100.0,1.0,23200.0,1.0
000629.SZ,2020-08-12,09:31:43,22200.0,58700.0,1303140000.0,22200.0,1.0,22100.0,1.0,22000.0,1.0,21900.0,1,21800.0,1.0,21700.0,1.0,21600.0,1.0,21500.0,1.0,21400.0,0.72,21300.0,0.46,22300.0,1.0,22400.0,1.0,22500.0,1.0,22600.0,1.0,22700.0,1.0,22800.0,1.0,22900.0,1.0,23000.0,1.0,23100.0,1.0,23200.0,1.0
000629.SZ,2020-08-12,09:31:44,22200.0,70400.0,1562880000.0,22200.0,1.0,22100.0,1.0,22000.0,1.0,21900.0,1,21800.0,1.0,21700.0,1.0,21600.0,1.0,21500.0,1.0,21400.0,0.72,21300.0,1.0,22300.0,1.0,22400.0,1.0,22500.0,1.0,22600.0,1.0,22700.0,1.0,22800.0,1.0,22900.0,1.0,23000.0,1.0,23100.0,1.0,23200.0,1.0
000629.SZ,2020-08-12,09:31:45,22200.0,44900.0,996780000.0,22200.0,1.0,22100.0,1.0,22000.0,1.0,21900.0,1,21800.0,1.0,21700.0,1.0,21600.0,1.0,21500.0,1.0,21400.0,0.72,21300.0,1.0,22300.0,1.0,22400.0,1.0,22500.0,1.0,22600.0,1.0,22700.0,1.0,22800.0,1.0,22900.0,1.0,23000.0,1.0,23100.0,1.0,23200.0,1.0
000629.SZ,2020-08-12,09:31:46,22200.0,68400.0,1518480000.0,22200.0,0.63,22100.0,1.0,22000.0,1.0,21900.0,1,21800.0,1.0,21700.0,1.0,21600.0,1.0,21500.0,1.0,21400.0,0.72,21300.0,1.0,22300.0,1.0,22400.0,1.0,22500.0,1.0,22600.0,1.0,22700.0,1.0,22800.0,1.0,22900.0,1.0,23000.0,1.0,23100.0,1.0,23200.0,1.0
000629.SZ,2020-08-12,09:31:47,22200.0,17400.0,386280000.0,22200.0,0.41,22100.0,1.0,22000.0,1.0,21900.0,1,21800.0,1.0,21700.0,1.0,21600.0,1.0,21500.0,1.0,21400.0,0.72,21300.0,1.0,22300.0,1.0,22400.0,1.0,22500.0,1.0,22600.0,1.0,22700.0,1.0,22800.0,1.0,22900.0,1.0,23000.0,1.0,23100.0,1.0,23200.0,1.0
000629.SZ,2020-08-12,09:31:48,22200.0,16800.0,372960000.0,22200.0,0.19,22100.0,1.0,22000.0,1.0,21900.0,1,21800.0,1.0,21700.0,1.0,21600.0,1.0,21500.0,1.0,21400.0,0.72,21300.0,1.0,22300.0,1.0,22400.0,1.0,22500.0,1.0,22600.0,1.0,22700.0,1.0,22800.0,1.0,22900.0,1.0,23000.0,1.0,23100.0,1.0,23200.0,1.0
000629.SZ,2020-08-12,09:31:49,22200.0,8000.0,177616000.0,22200.0,0.28,22100.0,1.0,22000.0,1.0,21900.0,1,21800.0,1.0,21700.0,1.0,21600.0,1.0,21500.0,1.0,21400.0,0.72,21300.0,1.0,22300.0,1.0,22400.0,1.0,22500.0,1.0,22600.0,1.0,22700.0,1.0,22800.0,1.0,22900.0,1.0,23000.0,1.0,23100.0,1.0,23200.0,1.0
000629.SZ,2020-08-12,09:31:50,22200.0,7400.0,164280000.0,22100.0,1.0,22000.0,1.0,21900.0,1.0,21800.0,1,21700.0,1.0,21600.0,1.0,21500.0,1.0,21400.0,0.72,21300.0,1.0,21200.0,1.0,22200.0,0.47,22300.0,1.0,22400.0,1.0,22500.0,1.0,22600.0,1.0,22700.0,1.0,22800.0,1.0,22900.0,1.0,23000.0,1.0,23100.0,1.0
000629.SZ,2020-08-12,09:31:51,22200.0,1000.0,22200000.0,22100.0,1.0,22000.0,1.0,21900.0,1.0,21800.0,1,21700.0,1.0,21600.0,1.0,21500.0,1.0,21400.0,0.72,21300.0,1.0,21200.0,1.0,22200.0,0.69,22300.0,1.0,22400.0,1.0,22500.0,1.0,22600.0,1.0,22700.0,1.0,22800.0,1.0,22900.0,1.0,23000.0,1.0,23100.0,1.0
000629.SZ,2020-08-12,09:31:52,22200.0,0.0,0.0,22100.0,1.0,22000.0,1.0,21900.0,1.0,21800.0,1,21700.0,1.0,21600.0,1.0,21500.0,1.0,21400.0,0.72,21300.0,1.0,21200.0,1.0,22200.0,0.5,22300.0,1.0,22400.0,1.0,22500.0,1.0,22600.0,1.0,22700.0,1.0,22800.0,1.0,22900.0,1.0,23000.0,1.0,23100.0,1.0
000629.SZ,2020-08-12,09:31:53,22200.0,200.0,4440000.0,22100.0,1.0,22000.0,1.0,21900.0,1.0,21800.0,1,21700.0,1.0,21600.0,1.0,21500.0,1.0,21400.0,0.72,21300.0,1.0,21200.0,1.0,22200.0,0.59,22300.0,1.0,22400.0,1.0,22500.0,1.0,22600.0,1.0,22700.0,1.0,22800.0,1.0,22900.0,1.0,23000.0,1.0,23100.0,1.0
000629.SZ,2020-08-12,09:31:54,22200.0,3100.0,68510000.0,22100.0,1.0,22000.0,1.0,21900.0,1.0,21800.0,1,21700.0,1.0,21600.0,1.0,21500.0,1.0,21400.0,0.72,21300.0,1.0,21200.0,1.0,22200.0,0.59,22300.0,1.0,22400.0,1.0,22500.0,1.0,22600.0,1.0,22700.0,1.0,22800.0,1.0,22900.0,1.0,23000.0,1.0,23100.0,1.0
000629.SZ,2020-08-12,09:31:55,22100.0,0.0,0.0,22100.0,1.0,22000.0,1.0,21900.0,1.0,21800.0,1,21700.0,1.0,21600.0,1.0,21500.0,1.0,21400.0,0.72,21300.0,1.0,21200.0,1.0,22200.0,0.59,22300.0,1.0,22400.0,1.0,22500.0,1.0,22600.0,1.0,22700.0,1.0,22800.0,1.0,22900.0,1.0,23000.0,1.0,23100.0,1.0
000629.SZ,2020-08-12,09:31:56,22100.0,200.0,4440000.0,22100.0,1.0,22000.0,1.0,21900.0,1.0,21800.0,1,21700.0,1.0,21600.0,1.0,21500.0,1.0,21400.0,0.72,21300.0,1.0,21200.0,1.0,22200.0,0.59,22300.0,1.0,22400.0,1.0,22500.0,1.0,22600.0,1.0,22700.0,1.0,22800.0,1.0,22900.0,1.0,23000.0,1.0,23100.0,1.0
000629.SZ,2020-08-12,09:31:57,22200.0,400.0,8880000.0,22100.0,1.0,22000.0,1.0,21900.0,1.0,21800.0,1,21700.0,1.0,21600.0,1.0,21500.0,1.0,21400.0,0.72,21300.0,1.0,21200.0,1.0,22200.0,0.58,22300.0,1.0,22400.0,1.0,22500.0,1.0,22600.0,1.0,22700.0,1.0,22800.0,1.0,22900.0,1.0,23000.0,1.0,23100.0,1.0
000629.SZ,2020-08-12,09:31:58,22200.0,10400.0,230880000.0,22100.0,1.0,22000.0,1.0,21900.0,1.0,21800.0,1,21700.0,1.0,21600.0,1.0,21500.0,1.0,21400.0,0.72,21300.0,1.0,21200.0,1.0,22200.0,0.45,22300.0,1.0,22400.0,1.0,22500.0,1.0,22600.0,1.0,22700.0,1.0,22800.0,1.0,22900.0,1.0,23000.0,1.0,23100.0,1.0
000629.SZ,2020-08-12,09:31:59,22200.0,4000.0,88488000.0,22100.0,1.0,22000.0,1.0,21900.0,1.0,21800.0,1,21700.0,1.0,21600.0,1.0,21500.0,1.0,21400.0,0.72,21300.0,1.0,21200.0,1.0,22200.0,0.44,22300.0,1.0,22400.0,1.0,22500.0,1.0,22600.0,1.0,22700.0,1.0,22800.0,1.0,22900.0,1.0,23000.0,1.0,23100.0,1.0
000629.SZ,2020-08-12,09:32:00,22100.0,0.0,0.0,22100.0,1.0,22000.0,1.0,21900.0,1.0,21800.0,1,21700.0,1.0,21600.0,1.0,21500.0,1.0,21400.0,0.72,21300.0,1.0,21200.0,1.0,22200.0,0.44,22300.0,1.0,22400.0,1.0,22500.0,1.0,22600.0,1.0,22700.0,1.0,22800.0,1.0,22900.0,1.0,23000.0,1.0,23100.0,1.0
000629.SZ,2020-08-12,09:32:01,22100.0,1200.0,26640000.0,22100.0,1.0,22000.0,1.0,21900.0,1.0,21800.0,1,21700.0,1.0,21600.0,1.0,21500.0,1.0,21400.0,0.72,21300.0,1.0,21200.0,1.0,22200.0,0.42,22300.0,1.0,22400.0,1.0,22500.0,1.0,22600.0,1.0,22700.0,1.0,22800.0,1.0,22900.0,1.0,23000.0,1.0,23100.0,1.0
000629.SZ,2020-08-12,09:32:02,22200.0,0.0,0.0,22100.0,1.0,22000.0,1.0,21900.0,1.0,21800.0,1,21700.0,1.0,21600.0,1.0,21500.0,1.0,21400.0,0.72,21300.0,1.0,21200.0,1.0,22200.0,0.42,22300.0,1.0,22400.0,1.0,22500.0,1.0,22600.0,1.0,22700.0,1.0,22800.0,1.0,22900.0,1.0,23000.0,1.0,23100.0,1.0
000629.SZ,2020-08-12,09:32:03,22200.0,0.0,0.0,22100.0,1.0,22000.0,1.0,21900.0,1.0,21800.0,1,21700.0,1.0,21600.0,1.0,21500.0,1.0,21400.0,0.72,21300.0,1.0,21200.0,1.0,22200.0,0.42,22300.0,1.0,22400.0,1.0,22500.0,1.0,22600.0,1.0,22700.0,1.0,22800.0,1.0,22900.0,1.0,23000.0,1.0,23100.0,1.0
000629.SZ,2020-08-12,09:32:04,22200.0,0.0,0.0,22100.0,1.0,22000.0,1.0,21900.0,1.0,21800.0,1,21700.0,1.0,21600.0,1.0,21500.0,1.0,21400.0,0.72,21300.0,1.0,21200.0,1.0,22200.0,0.6,22300.0,1.0,22400.0,1.0,22500.0,1.0,22600.0,1.0,22700.0,1.0,22800.0,1.0,22900.0,1.0,23000.0,1.0,23100.0,1.0
000629.SZ,2020-08-12,09:32:05,22200.0,0.0,0.0,22100.0,1.0,22000.0,1.0,21900.0,1.0,21800.0,1,21700.0,1.0,21600.0,1.0,21500.0,1.0,21400.0,0.72,21300.0,1.0,21200.0,1.0,22200.0,0.6,22300.0,1.0,22400.0,1.0,22500.0,1.0,22600.0,1.0,22700.0,1.0,22800.0,1.0,22900.0,1.0,23000.0,1.0,23100.0,1.0
000629.SZ,2020-08-12,09:32:06,22200.0,0.0,0.0,22100.0,1.0,22000.0,1.0,21900.0,1.0,21800.0,1,21700.0,1.0,21600.0,1.0,21500.0,1.0,21400.0,0.72,21300.0,1.0,21200.0,1.0,22200.0,0.6,22300.0,1.0,22400.0,1.0,22500.0,1.0,22600.0,1.0,22700.0,1.0,22800.0,1.0,22900.0,1.0,23000.0,1.0,23100.0,1.0
000629.SZ,2020-08-12,09:32:07,22200.0,15400.0,340401600.0,22100.0,1.0,22000.0,1.0,21900.0,1.0,21800.0,1,21700.0,1.0,21600.0,1.0,21500.0,1.0,21400.0,0.72,21300.0,1.0,21200.0,1.0,22200.0,0.59,22300.0,1.0,22400.0,1.0,22500.0,1.0,22600.0,1.0,22700.0,1.0,22800.0,1.0,22900.0,1.0,23000.0,1.0,23100.0,1.0
000629.SZ,2020-08-12,09:32:08,22100.0,1000.0,22200000.0,22100.0,1.0,22000.0,1.0,21900.0,1.0,21800.0,1,21700.0,1.0,21600.0,1.0,21500.0,1.0,21400.0,0.72,21300.0,1.0,21200.0,1.0,22200.0,0.58,22300.0,1.0,22400.0,1.0,22500.0,1.0,22600.0,1.0,22700.0,1.0,22800.0,1.0,22900.0,1.0,23000.0,1.0,23100.0,1.0
000629.SZ,2020-08-12,09:32:09,22200.0,0.0,0.0,22100.0,1.0,22000.0,1.0,21900.0,1.0,21800.0,1,21700.0,1.0,21600.0,1.0,21500.0,1.0,21400.0,0.72,21300.0,1.0,21200.0,1.0,22200.0,0.58,22300.0,1.0,22400.0,1.0,22500.0,1.0,22600.0,1.0,22700.0,1.0,22800.0,1.0,22900.0,1.0,23000.0,1.0,23100.0,1.0
000629.SZ,2020-08-12,09:32:10,22200.0,0.0,0.0,22100.0,1.0,22000.0,1.0,21900.0,1.0,21800.0,1,21700.0,1.0,21600.0,1.0,21500.0,1.0,21400.0,0.72,21300.0,1.0,21200.0,1.0,22200.0,0.58,22300.0,1.0,22400.0,1.0,22500.0,1.0,22600.0,1.0,22700.0,1.0,22800.0,1.0,22900.0,1.0,23000.0,1.0,23100.0,1.0
000629.SZ,2020-08-12,09:32:11,22200.0,0.0,0.0,22100.0,1.0,22000.0,1.0,21900.0,1.0,21800.0,1,21700.0,1.0,21600.0,1.0,21500.0,1.0,21400.0,0.72,21300.0,1.0,21200.0,1.0,22200.0,0.58,22300.0,1.0,22400.0,1.0,22500.0,1.0,22600.0,1.0,22700.0,1.0,22800.0,1.0,22900.0,1.0,23000.0,1.0,23100.0,1.0
000629.SZ,2020-08-12,09:32:12,22200.0,0.0,0.0,22100.0,1.0,22000.0,1.0,21900.0,1.0,21800.0,1,21700.0,1.0,21600.0,1.0,21500.0,1.0,21400.0,0.72,21300.0,1.0,21200.0,1.0,22200.0,0.58,22300.0,1.0,22400.0,1.0,22500.0,1.0,22600.0,1.0,22700.0,1.0,22800.0,1.0,22900.0,1.0,23000.0,1.0,23100.0,1.0
000629.SZ,2020-08-12,09:32:13,22200.0,0.0,0.0,22100.0,1.0,22000.0,1.0,21900.0,1.0,21800.0,1,21700.0,1.0,21600.0,1.0,21500.0,1.0,21400.0,0.72,21300.0,1.0,21200.0,1.0,22200.0,0.58,22300.0,1.0,22400.0,1.0,22500.0,1.0,22600.0,1.0,22700.0,1.0,22800.0,1.0,22900.0,1.0,23000.0,1.0,23100.0,1.0
000629.SZ,2020-08-12,09:32:14,22200.0,5000.0,111000000.0,22100.0,1.0,22000.0,1.0,21900.0,1.0,21800.0,1,21700.0,1.0,21600.0,1.0,21500.0,1.0,21400.0,0.72,21300.0,1.0,21200.0,1.0,22200.0,0.51,22300.0,1.0,22400.0,1.0,22500.0,1.0,22600.0,1.0,22700.0,1.0,22800.0,1.0,22900.0,1.0,23000.0,1.0,23100.0,1.0
000629.SZ,2020-08-12,09:32:15,22200.0,29200.0,648240000.0,22100.0,1.0,22000.0,1.0,21900.0,1.0,21800.0,1,21700.0,1.0,21600.0,1.0,21500.0,1.0,21400.0,0.72,21300.0,1.0,21200.0,1.0,22200.0,0.14,22300.0,1.0,22400.0,1.0,22500.0,1.0,22600.0,1.0,22700.0,1.0,22800.0,1.0,22900.0,1.0,23000.0,1.0,23100.0,1.0
000629.SZ,2020-08-12,09:32:16,22200.0,0.0,0.0,22100.0,1.0,22000.0,1.0,21900.0,1.0,21800.0,1,21700.0,1.0,21600.0,1.0,21500.0,1.0,21400.0,0.72,21300.0,1.0,21200.0,1.0,22200.0,0.14,22300.0,1.0,22400.0,1.0,22500.0,1.0,22600.0,1.0,22700.0,1.0,22800.0,1.0,22900.0,1.0,23000.0,1.0,23100.0,1.0
000629.SZ,2020-08-12,09:32:17,22200.0,0.0,0.0,22100.0,1.0,22000.0,1.0,21900.0,1.0,21800.0,1,21700.0,1.0,21600.0,1.0,21500.0,1.0,21400.0,0.72,21300.0,1.0,21200.0,1.0,22200.0,0.14,22300.0,1.0,22400.0,1.0,22500.0,1.0,22600.0,1.0,22700.0,1.0,22800.0,1.0,22900.0,1.0,23000.0,1.0,23100.0,1.0
000629.SZ,2020-08-12,09:32:18,22200.0,0.0,0.0,22100.0,1.0,22000.0,1.0,21900.0,1.0,21800.0,1,21700.0,1.0,21600.0,1.0,21500.0,1.0,21400.0,0.72,21300.0,1.0,21200.0,1.0,22200.0,0.14,22300.0,1.0,22400.0,1.0,22500.0,1.0,22600.0,1.0,22700.0,1.0,22800.0,1.0,22900.0,1.0,23000.0,1.0,23100.0,1.0
000629.SZ,2020-08-12,09:32:19,22200.0,5500.0,122100000.0,22100.0,1.0,22000.0,1.0,21900.0,1.0,21800.0,1,21700.0,1.0,21600.0,1.0,21500.0,1.0,21400.0,0.72,21300.0,1.0,21200.0,1.0,22200.0,0.07,22300.0,1.0,22400.0,1.0,22500.0,1.0,22600.0,1.0,22700.0,1.0,22800.0,1.0,22900.0,1.0,23000.0,1.0,23100.0,1.0
000629.SZ,2020-08-12,09:32:20,22200.0,2800.0,62160000.0,22100.0,1.0,22000.0,1.0,21900.0,1.0,21800.0,1,21700.0,1.0,21600.0,1.0,21500.0,1.0,21400.0,0.72,21300.0,1.0,21200.0,1.0,22200.0,0.04,22300.0,1.0,22400.0,1.0,22500.0,1.0,22600.0,1.0,22700.0,1.0,22800.0,1.0,22900.0,1.0,23000.0,1.0,23100.0,1.0
000629.SZ,2020-08-12,09:32:21,22200.0,1600.0,35520000.0,22100.0,1.0,22000.0,1.0,21900.0,1.0,21800.0,1,21700.0,1.0,21600.0,1.0,21500.0,1.0,21400.0,0.72,21300.0,1.0,21200.0,1.0,22200.0,0.02,22300.0,1.0,22400.0,1.0,22500.0,1.0,22600.0,1.0,22700.0,1.0,22800.0,1.0,22900.0,1.0,23000.0,1.0,23100.0,1.0
000629.SZ,2020-08-12,09:32:22,22200.0,48200.0,1066521400.0,22100.0,1.0,22000.0,1.0,21900.0,1.0,21800.0,1,21700.0,1.0,21600.0,1.0,21500.0,1.0,21400.0,0.72,21300.0,1.0,21200.0,1.0,22200.0,0.38,22300.0,1.0,22400.0,1.0,22500.0,1.0,22600.0,1.0,22700.0,1.0,22800.0,1.0,22900.0,1.0,23000.0,1.0,23100.0,1.0
000629.SZ,2020-08-12,09:32:23,22200.0,20000.0,444000000.0,22100.0,1.0,22000.0,1.0,21900.0,1.0,21800.0,1,21700.0,1.0,21600.0,1.0,21500.0,1.0,21400.0,0.72,21300.0,1.0,21200.0,1.0,22200.0,0.13,22300.0,1.0,22400.0,1.0,22500.0,1.0,22600.0,1.0,22700.0,1.0,22800.0,1.0,22900.0,1.0,23000.0,1.0,23100.0,1.0
000629.SZ,2020-08-12,09:32:24,22200.0,5900.0,130980000.0,22100.0,1.0,22000.0,1.0,21900.0,1.0,21800.0,1,21700.0,1.0,21600.0,1.0,21500.0,1.0,21400.0,0.72,21300.0,1.0,21200.0,1.0,22200.0,0.05,22300.0,1.0,22400.0,1.0,22500.0,1.0,22600.0,1.0,22700.0,1.0,22800.0,1.0,22900.0,1.0,23000.0,1.0,23100.0,1.0
000629.SZ,2020-08-12,09:32:25,22200.0,6100.0,135420000.0,22200.0,0.0,22100.0,1.0,22000.0,1.0,21900.0,1,21800.0,1.0,21700.0,1.0,21600.0,1.0,21500.0,1.0,21400.0,0.72,21300.0,1.0,22300.0,1.0,22400.0,1.0,22500.0,1.0,22600.0,1.0,22700.0,1.0,22800.0,1.0,22900.0,1.0,23000.0,1.0,23100.0,1.0,23200.0,1.0
000629.SZ,2020-08-12,09:32:26,22200.0,100.0,2220000.0,22200.0,0.13,22100.0,1.0,22000.0,1.0,21900.0,1,21800.0,1.0,21700.0,1.0,21600.0,1.0,21500.0,1.0,21400.0,0.72,21300.0,1.0,22300.0,1.0,22400.0,1.0,22500.0,1.0,22600.0,1.0,22700.0,1.0,22800.0,1.0,22900.0,1.0,23000.0,1.0,23100.0,1.0,23200.0,1.0
000629.SZ,2020-08-12,09:32:27,22200.0,10000.0,222000000.0,22100.0,1.0,22000.0,1.0,21900.0,1.0,21800.0,1,21700.0,1.0,21600.0,1.0,21500.0,1.0,21400.0,0.72,21300.0,1.0,21200.0,1.0,22200.0,0.01,22300.0,1.0,22400.0,1.0,22500.0,1.0,22600.0,1.0,22700.0,1.0,22800.0,1.0,22900.0,1.0,23000.0,1.0,23100.0,1.0
000629.SZ,2020-08-12,09:32:28,22200.0,0.0,0.0,22200.0,0.01,22100.0,1.0,22000.0,1.0,21900.0,1,21800.0,1.0,21700.0,1.0,21600.0,1.0,21500.0,1.0,21400.0,0.72,21300.0,1.0,22300.0,1.0,22400.0,1.0,22500.0,1.0,22600.0,1.0,22700.0,1.0,22800.0,1.0,22900.0,1.0,23000.0,1.0,23100.0,1.0,23200.0,1.0
000629.SZ,2020-08-12,09:32:29,22200.0,2900.0,64119000.0,22100.0,1.0,22000.0,1.0,21900.0,1.0,21800.0,1,21700.0,1.0,21600.0,1.0,21500.0,1.0,21400.0,0.72,21300.0,1.0,21200.0,1.0,22300.0,1.0,22400.0,1.0,22500.0,1.0,22600.0,1.0,22700.0,1.0,22800.0,1.0,22900.0,1.0,23000.0,1.0,23100.0,1.0,23200.0,1.0
000629.SZ,2020-08-12,09:32:30,22100.0,0.0,0.0,22100.0,1.0,22000.0,1.0,21900.0,1.0,21800.0,1,21700.0,1.0,21600.0,1.0,21500.0,1.0,21400.0,0.72,21300.0,1.0,21200.0,1.0,22300.0,1.0,22400.0,1.0,22500.0,1.0,22600.0,1.0,22700.0,1.0,22800.0,1.0,22900.0,1.0,23000.0,1.0,23100.0,1.0,23200.0,1.0
000629.SZ,2020-08-12,09:32:31,22100.0,4200.0,92929200.0,22100.0,1.0,22000.0,1.0,21900.0,1.0,21800.0,1,21700.0,1.0,21600.0,1.0,21500.0,1.0,21400.0,0.72,21300.0,1.0,21200.0,1.0,22200.0,0.02,22300.0,1.0,22400.0,1.0,22500.0,1.0,22600.0,1.0,22700.0,1.0,22800.0,1.0,22900.0,1.0,23000.0,1.0,23100.0,1.0
000629.SZ,2020-08-12,09:32:32,22100.0,0.0,0.0,22100.0,1.0,22000.0,1.0,21900.0,1.0,21800.0,1,21700.0,1.0,21600.0,1.0,21500.0,1.0,21400.0,0.72,21300.0,1.0,21200.0,1.0,22200.0,0.02,22300.0,1.0,22400.0,1.0,22500.0,1.0,22600.0,1.0,22700.0,1.0,22800.0,1.0,22900.0,1.0,23000.0,1.0,23100.0,1.0
000629.SZ,2020-08-12,09:32:33,22100.0,9000.0,199800000.0,22100.0,1.0,22000.0,1.0,21900.0,1.0,21800.0,1,21700.0,1.0,21600.0,1.0,21500.0,1.0,21400.0,0.72,21300.0,1.0,21200.0,1.0,22200.0,0.02,22300.0,1.0,22400.0,1.0,22500.0,1.0,22600.0,1.0,22700.0,1.0,22800.0,1.0,22900.0,1.0,23000.0,1.0,23100.0,1.0
000629.SZ,2020-08-12,09:32:34,22200.0,29300.0,647588600.0,22100.0,1.0,22000.0,1.0,21900.0,1.0,21800.0,1,21700.0,1.0,21600.0,1.0,21500.0,1.0,21400.0,0.72,21300.0,1.0,21200.0,1.0,22200.0,0.01,22300.0,1.0,22400.0,1.0,22500.0,1.0,22600.0,1.0,22700.0,1.0,22800.0,1.0,22900.0,1.0,23000.0,1.0,23100.0,1.0
000629.SZ,2020-08-12,09:32:35,22200.0,200.0,4420000.0,22100.0,1.0,22000.0,1.0,21900.0,1.0,21800.0,1,21700.0,1.0,21600.0,1.0,21500.0,1.0,21400.0,0.72,21300.0,1.0,21200.0,1.0,22200.0,0.01,22300.0,1.0,22400.0,1.0,22500.0,1.0,22600.0,1.0,22700.0,1.0,22800.0,1.0,22900.0,1.0,23000.0,1.0,23100.0,1.0
000629.SZ,2020-08-12,09:32:36,22100.0,13600.0,300560000.0,22100.0,1.0,22000.0,1.0,21900.0,1.0,21800.0,1,21700.0,1.0,21600.0,1.0,21500.0,1.0,21400.0,0.72,21300.0,1.0,21200.0,1.0,22200.0,0.01,22300.0,1.0,22400.0,1.0,22500.0,1.0,22600.0,1.0,22700.0,1.0,22800.0,1.0,22900.0,1.0,23000.0,1.0,23100.0,1.0
000629.SZ,2020-08-12,09:32:37,22100.0,1200.0,26640000.0,22100.0,1.0,22000.0,1.0,21900.0,1.0,21800.0,1,21700.0,1.0,21600.0,1.0,21500.0,1.0,21400.0,0.72,21300.0,1.0,21200.0,1.0,22200.0,0.25,22300.0,1.0,22400.0,1.0,22500.0,1.0,22600.0,1.0,22700.0,1.0,22800.0,1.0,22900.0,1.0,23000.0,1.0,23100.0,1.0
000629.SZ,2020-08-12,09:32:38,22200.0,23900.0,530580000.0,22100.0,1.0,22000.0,1.0,21900.0,1.0,21800.0,1,21700.0,1.0,21600.0,1.0,21500.0,1.0,21400.0,0.72,21300.0,1.0,21200.0,1.0,22200.0,0.24,22300.0,1.0,22400.0,1.0,22500.0,1.0,22600.0,1.0,22700.0,1.0,22800.0,1.0,22900.0,1.0,23000.0,1.0,23100.0,1.0
000629.SZ,2020-08-12,09:32:39,22200.0,24300.0,537977700.0,22100.0,1.0,22000.0,1.0,21900.0,1.0,21800.0,1,21700.0,1.0,21600.0,1.0,21500.0,1.0,21400.0,0.72,21300.0,1.0,21200.0,1.0,22200.0,0.12,22300.0,1.0,22400.0,1.0,22500.0,1.0,22600.0,1.0,22700.0,1.0,22800.0,1.0,22900.0,1.0,23000.0,1.0,23100.0,1.0
000629.SZ,2020-08-12,09:32:40,22100.0,4300.0,95460000.0,22100.0,1.0,22000.0,1.0,21900.0,1.0,21800.0,1,21700.0,1.0,21600.0,1.0,21500.0,1.0,21400.0,0.72,21300.0,1.0,21200.0,1.0,22200.0,0.07,22300.0,1.0,22400.0,1.0,22500.0,1.0,22600.0,1.0,22700.0,1.0,22800.0,1.0,22900.0,1.0,23000.0,1.0,23100.0,1.0
000629.SZ,2020-08-12,09:32:41,22200.0,13700.0,302770000.0,22100.0,1.0,22000.0,1.0,21900.0,1.0,21800.0,1,21700.0,1.0,21600.0,1.0,21500.0,1.0,21400.0,0.72,21300.0,1.0,21200.0,1.0,22200.0,0.07,22300.0,1.0,22400.0,1.0,22500.0,1.0,22600.0,1.0,22700.0,1.0,22800.0,1.0,22900.0,1.0,23000.0,1.0,23100.0,1.0
000629.SZ,2020-08-12,09:32:42,22100.0,0.0,0.0,22100.0,1.0,22000.0,1.0,21900.0,1.0,21800.0,1,21700.0,1.0,21600.0,1.0,21500.0,1.0,21400.0,0.72,21300.0,1.0,21200.0,1.0,22200.0,0.07,22300.0,1.0,22400.0,1.0,22500.0,1.0,22600.0,1.0,22700.0,1.0,22800.0,1.0,22900.0,1.0,23000.0,1.0,23100.0,1.0
000629.SZ,2020-08-12,09:32:43,22100.0,44000.0,975436000.0,22200.0,0.08,22100.0,1.0,22000.0,1.0,21900.0,1,21800.0,1.0,21700.0,1.0,21600.0,1.0,21500.0,1.0,21400.0,0.72,21300.0,1.0,22300.0,1.0,22400.0,1.0,22500.0,1.0,22600.0,1.0,22700.0,1.0,22800.0,1.0,22900.0,1.0,23000.0,1.0,23100.0,1.0,23200.0,1.0
000629.SZ,2020-08-12,09:32:44,22200.0,5900.0,130980000.0,22100.0,1.0,22000.0,1.0,21900.0,1.0,21800.0,1,21700.0,1.0,21600.0,1.0,21500.0,1.0,21400.0,0.72,21300.0,1.0,21200.0,1.0,22200.0,0.0,22300.0,1.0,22400.0,1.0,22500.0,1.0,22600.0,1.0,22700.0,1.0,22800.0,1.0,22900.0,1.0,23000.0,1.0,23100.0,1.0
000629.SZ,2020-08-12,09:32:45,22200.0,2600.0,57720000.0,22200.0,0.02,22100.0,1.0,22000.0,1.0,21900.0,1,21800.0,1.0,21700.0,1.0,21600.0,1.0,21500.0,1.0,21400.0,0.72,21300.0,1.0,22300.0,1.0,22400.0,1.0,22500.0,1.0,22600.0,1.0,22700.0,1.0,22800.0,1.0,22900.0,1.0,23000.0,1.0,23100.0,1.0,23200.0,1.0
000629.SZ,2020-08-12,09:32:46,22200.0,14700.0,325046400.0,22100.0,1.0,22000.0,1.0,21900.0,1.0,21800.0,1,21700.0,1.0,21600.0,1.0,21500.0,1.0,21400.0,0.72,21300.0,1.0,21200.0,1.0,22200.0,0.01,22300.0,1.0,22400.0,1.0,22500.0,1.0,22600.0,1.0,22700.0,1.0,22800.0,1.0,22900.0,1.0,23000.0,1.0,23100.0,1.0
000629.SZ,2020-08-12,09:32:47,22100.0,500.0,11100000.0,22100.0,1.0,22000.0,1.0,21900.0,1.0,21800.0,1,21700.0,1.0,21600.0,1.0,21500.0,1.0,21400.0,0.72,21300.0,1.0,21200.0,1.0,22200.0,0.01,22300.0,1.0,22400.0,1.0,22500.0,1.0,22600.0,1.0,22700.0,1.0,22800.0,1.0,22900.0,1.0,23000.0,1.0,23100.0,1.0
000629.SZ,2020-08-12,09:32:48,22200.0,400.0,8880000.0,22100.0,1.0,22000.0,1.0,21900.0,1.0,21800.0,1,21700.0,1.0,21600.0,1.0,21500.0,1.0,21400.0,0.72,21300.0,1.0,21200.0,1.0,22200.0,0.0,22300.0,1.0,22400.0,1.0,22500.0,1.0,22600.0,1.0,22700.0,1.0,22800.0,1.0,22900.0,1.0,23000.0,1.0,23100.0,1.0
000629.SZ,2020-08-12,09:32:49,22200.0,0.0,0.0,22100.0,1.0,22000.0,1.0,21900.0,1.0,21800.0,1,21700.0,1.0,21600.0,1.0,21500.0,1.0,21400.0,0.72,21300.0,1.0,21200.0,1.0,22200.0,0.0,22300.0,1.0,22400.0,1.0,22500.0,1.0,22600.0,1.0,22700.0,1.0,22800.0,1.0,22900.0,1.0,23000.0,1.0,23100.0,1.0
000629.SZ,2020-08-12,09:32:50,22200.0,23000.0,508300000.0,22100.0,1.0,22000.0,1.0,21900.0,1.0,21800.0,1,21700.0,1.0,21600.0,1.0,21500.0,1.0,21400.0,0.72,21300.0,1.0,21200.0,1.0,22200.0,0.16,22300.0,1.0,22400.0,1.0,22500.0,1.0,22600.0,1.0,22700.0,1.0,22800.0,1.0,22900.0,1.0,23000.0,1.0,23100.0,1.0
000629.SZ,2020-08-12,09:32:51,22100.0,0.0,0.0,22100.0,1.0,22000.0,1.0,21900.0,1.0,21800.0,1,21700.0,1.0,21600.0,1.0,21500.0,1.0,21400.0,0.72,21300.0,1.0,21200.0,1.0,22200.0,0.16,22300.0,1.0,22400.0,1.0,22500.0,1.0,22600.0,1.0,22700.0,1.0,22800.0,1.0,22900.0,1.0,23000.0,1.0,23100.0,1.0
000629.SZ,2020-08-12,09:32:52,22100.0,100.0,2220000.0,22100.0,1.0,22000.0,1.0,21900.0,1.0,21800.0,1,21700.0,1.0,21600.0,1.0,21500.0,1.0,21400.0,0.72,21300.0,1.0,21200.0,1.0,22200.0,0.16,22300.0,1.0,22400.0,1.0,22500.0,1.0,22600.0,1.0,22700.0,1.0,22800.0,1.0,22900.0,1.0,23000.0,1.0,23100.0,1.0
000629.SZ,2020-08-12,09:32:53,22200.0,0.0,0.0,22100.0,1.0,22000.0,1.0,21900.0,1.0,21800.0,1,21700.0,1.0,21600.0,1.0,21500.0,1.0,21400.0,0.72,21300.0,1.0,21200.0,1.0,22200.0,0.16,22300.0,1.0,22400.0,1.0,22500.0,1.0,22600.0,1.0,22700.0,1.0,22800.0,1.0,22900.0,1.0,23000.0,1.0,23100.0,1.0
000629.SZ,2020-08-12,09:32:54,22200.0,0.0,0.0,22100.0,1.0,22000.0,1.0,21900.0,1.0,21800.0,1,21700.0,1.0,21600.0,1.0,21500.0,1.0,21400.0,0.72,21300.0,1.0,21200.0,1.0,22200.0,0.16,22300.0,1.0,22400.0,1.0,22500.0,1.0,22600.0,1.0,22700.0,1.0,22800.0,1.0,22900.0,1.0,23000.0,1.0,23100.0,1.0
000629.SZ,2020-08-12,09:32:55,22200.0,0.0,0.0,22100.0,1.0,22000.0,1.0,21900.0,1.0,21800.0,1,21700.0,1.0,21600.0,1.0,21500.0,1.0,21400.0,0.72,21300.0,1.0,21200.0,1.0,22200.0,0.16,22300.0,1.0,22400.0,1.0,22500.0,1.0,22600.0,1.0,22700.0,1.0,22800.0,1.0,22900.0,1.0,23000.0,1.0,23100.0,1.0
000629.SZ,2020-08-12,09:32:56,22200.0,1200.0,26640000.0,22100.0,1.0,22000.0,1.0,21900.0,1.0,21800.0,1,21700.0,1.0,21600.0,1.0,21500.0,1.0,21400.0,0.72,21300.0,1.0,21200.0,1.0,22200.0,0.14,22300.0,1.0,22400.0,1.0,22500.0,1.0,22600.0,1.0,22700.0,1.0,22800.0,1.0,22900.0,1.0,23000.0,1.0,23100.0,1.0
000629.SZ,2020-08-12,09:32:57,22200.0,5800.0,128760000.0,22100.0,1.0,22000.0,1.0,21900.0,1.0,21800.0,1,21700.0,1.0,21600.0,1.0,21500.0,1.0,21400.0,0.72,21300.0,1.0,21200.0,1.0,22200.0,0.07,22300.0,1.0,22400.0,1.0,22500.0,1.0,22600.0,1.0,22700.0,1.0,22800.0,1.0,22900.0,1.0,23000.0,1.0,23100.0,1.0
000629.SZ,2020-08-12,09:32:58,22200.0,3100.0,68820000.0,22100.0,1.0,22000.0,1.0,21900.0,1.0,21800.0,1,21700.0,1.0,21600.0,1.0,21500.0,1.0,21400.0,0.72,21300.0,1.0,21200.0,1.0,22200.0,0.31,22300.0,1.0,22400.0,1.0,22500.0,1.0,22600.0,1.0,22700.0,1.0,22800.0,1.0,22900.0,1.0,23000.0,1.0,23100.0,1.0
000629.SZ,2020-08-12,09:32:59,22200.0,300.0,6660000.0,22100.0,1.0,22000.0,1.0,21900.0,1.0,21800.0,1,21700.0,1.0,21600.0,1.0,21500.0,1.0,21400.0,0.72,21300.0,1.0,21200.0,1.0,22200.0,0.4,22300.0,1.0,22400.0,1.0,22500.0,1.0,22600.0,1.0,22700.0,1.0,22800.0,1.0,22900.0,1.0,23000.0,1.0,23100.0,1.0
000629.SZ,2020-08-12,09:33:00,22200.0,0.0,0.0,22100.0,1.0,22000.0,1.0,21900.0,1.0,21800.0,1,21700.0,1.0,21600.0,1.0,21500.0,1.0,21400.0,0.72,21300.0,1.0,21200.0,1.0,22200.0,0.4,22300.0,1.0,22400.0,1.0,22500.0,1.0,22600.0,1.0,22700.0,1.0,22800.0,1.0,22900.0,1.0,23000.0,1.0,23100.0,1.0
000629.SZ,2020-08-12,09:33:01,22200.0,7900.0,175380000.0,22100.0,1.0,22000.0,1.0,21900.0,1.0,21800.0,1,21700.0,1.0,21600.0,1.0,21500.0,1.0,21400.0,0.72,21300.0,1.0,21200.0,1.0,22200.0,0.68,22300.0,1.0,22400.0,1.0,22500.0,1.0,22600.0,1.0,22700.0,1.0,22800.0,1.0,22900.0,1.0,23000.0,1.0,23100.0,1.0
000629.SZ,2020-08-12,09:33:02,22200.0,7000.0,155400000.0,22100.0,1.0,22000.0,1.0,21900.0,1.0,21800.0,1,21700.0,1.0,21600.0,1.0,21500.0,1.0,21400.0,0.72,21300.0,1.0,21200.0,1.0,22200.0,0.6,22300.0,1.0,22400.0,1.0,22500.0,1.0,22600.0,1.0,22700.0,1.0,22800.0,1.0,22900.0,1.0,23000.0,1.0,23100.0,1.0
000629.SZ,2020-08-12,09:33:03,22200.0,0.0,0.0,22100.0,1.0,22000.0,1.0,21900.0,1.0,21800.0,1,21700.0,1.0,21600.0,1.0,21500.0,1.0,21400.0,0.72,21300.0,1.0,21200.0,1.0,22200.0,0.6,22300.0,1.0,22400.0,1.0,22500.0,1.0,22600.0,1.0,22700.0,1.0,22800.0,1.0,22900.0,1.0,23000.0,1.0,23100.0,1.0
000629.SZ,2020-08-12,09:33:04,22200.0,900.0,19980000.0,22100.0,1.0,22000.0,1.0,21900.0,1.0,21800.0,1,21700.0,1.0,21600.0,1.0,21500.0,1.0,21400.0,0.72,21300.0,1.0,21200.0,1.0,22200.0,0.68,22300.0,1.0,22400.0,1.0,22500.0,1.0,22600.0,1.0,22700.0,1.0,22800.0,1.0,22900.0,1.0,23000.0,1.0,23100.0,1.0
000629.SZ,2020-08-12,09:33:05,22200.0,4000.0,88700000.0,22100.0,1.0,22000.0,1.0,21900.0,1.0,21800.0,1,21700.0,1.0,21600.0,1.0,21500.0,1.0,21400.0,0.72,21300.0,1.0,21200.0,1.0,22200.0,0.64,22300.0,1.0,22400.0,1.0,22500.0,1.0,22600.0,1.0,22700.0,1.0,22800.0,1.0,22900.0,1.0,23000.0,1.0,23100.0,1.0
000629.SZ,2020-08-12,09:33:06,22200.0,0.0,0.0,22100.0,1.0,22000.0,1.0,21900.0,1.0,21800.0,1,21700.0,1.0,21600.0,1.0,21500.0,1.0,21400.0,0.72,21300.0,1.0,21200.0,1.0,22200.0,1.0,22300.0,1.0,22400.0,1.0,22500.0,1.0,22600.0,1.0,22700.0,1.0,22800.0,1.0,22900.0,1.0,23000.0,1.0,23100.0,1.0
000629.SZ,2020-08-12,09:33:07,22200.0,100.0,2220000.0,22100.0,1.0,22000.0,1.0,21900.0,1.0,21800.0,1,21700.0,1.0,21600.0,1.0,21500.0,1.0,21400.0,0.72,21300.0,1.0,21200.0,1.0,22200.0,1.0,22300.0,1.0,22400.0,1.0,22500.0,1.0,22600.0,1.0,22700.0,1.0,22800.0,1.0,22900.0,1.0,23000.0,1.0,23100.0,1.0
000629.SZ,2020-08-12,09:33:08,22200.0,4000.0,88800000.0,22100.0,1.0,22000.0,1.0,21900.0,1.0,21800.0,1,21700.0,1.0,21600.0,1.0,21500.0,1.0,21400.0,0.72,21300.0,1.0,21200.0,1.0,22200.0,1.0,22300.0,1.0,22400.0,1.0,22500.0,1.0,22600.0,1.0,22700.0,1.0,22800.0,1.0,22900.0,1.0,23000.0,1.0,23100.0,1.0
000629.SZ,2020-08-12,09:33:09,22200.0,100.0,2220000.0,22100.0,1.0,22000.0,1.0,21900.0,1.0,21800.0,1,21700.0,1.0,21600.0,1.0,21500.0,1.0,21400.0,0.72,21300.0,1.0,21200.0,1.0,22200.0,1.0,22300.0,1.0,22400.0,1.0,22500.0,1.0,22600.0,1.0,22700.0,1.0,22800.0,1.0,22900.0,1.0,23000.0,1.0,23100.0,1.0
000629.SZ,2020-08-12,09:33:10,22200.0,24100.0,535020000.0,22100.0,1.0,22000.0,1.0,21900.0,1.0,21800.0,1,21700.0,1.0,21600.0,1.0,21500.0,1.0,21400.0,0.72,21300.0,1.0,21200.0,1.0,22200.0,1.0,22300.0,1.0,22400.0,1.0,22500.0,1.0,22600.0,1.0,22700.0,1.0,22800.0,1.0,22900.0,1.0,23000.0,1.0,23100.0,1.0
000629.SZ,2020-08-12,09:33:11,22200.0,13700.0,302770000.0,22100.0,1.0,22000.0,1.0,21900.0,1.0,21800.0,1,21700.0,1.0,21600.0,1.0,21500.0,1.0,21400.0,0.72,21300.0,1.0,21200.0,1.0,22200.0,1.0,22300.0,1.0,22400.0,1.0,22500.0,1.0,22600.0,1.0,22700.0,1.0,22800.0,1.0,22900.0,1.0,23000.0,1.0,23100.0,1.0
000629.SZ,2020-08-12,09:33:12,22200.0,14700.0,324870000.0,22100.0,1.0,22000.0,1.0,21900.0,1.0,21800.0,1,21700.0,1.0,21600.0,1.0,21500.0,1.0,21400.0,0.72,21300.0,1.0,21200.0,1.0,22200.0,1.0,22300.0,1.0,22400.0,1.0,22500.0,1.0,22600.0,1.0,22700.0,1.0,22800.0,1.0,22900.0,1.0,23000.0,1.0,23100.0,1.0
000629.SZ,2020-08-12,09:33:13,22100.0,0.0,0.0,22100.0,1.0,22000.0,1.0,21900.0,1.0,21800.0,1,21700.0,1.0,21600.0,1.0,21500.0,1.0,21400.0,0.72,21300.0,1.0,21200.0,1.0,22200.0,1.0,22300.0,1.0,22400.0,1.0,22500.0,1.0,22600.0,1.0,22700.0,1.0,22800.0,1.0,22900.0,1.0,23000.0,1.0,23100.0,1.0
000629.SZ,2020-08-12,09:33:14,22100.0,400.0,8840000.0,22100.0,1.0,22000.0,1.0,21900.0,1.0,21800.0,1,21700.0,1.0,21600.0,1.0,21500.0,1.0,21400.0,0.72,21300.0,1.0,21200.0,1.0,22200.0,1.0,22300.0,1.0,22400.0,1.0,22500.0,1.0,22600.0,1.0,22700.0,1.0,22800.0,1.0,22900.0,1.0,23000.0,1.0,23100.0,1.0
000629.SZ,2020-08-12,09:33:15,22100.0,0.0,0.0,22100.0,1.0,22000.0,1.0,21900.0,1.0,21800.0,1,21700.0,1.0,21600.0,1.0,21500.0,1.0,21400.0,0.72,21300.0,1.0,21200.0,1.0,22200.0,1.0,22300.0,1.0,22400.0,1.0,22500.0,1.0,22600.0,1.0,22700.0,1.0,22800.0,1.0,22900.0,1.0,23000.0,1.0,23100.0,1.0
000629.SZ,2020-08-12,09:33:16,22100.0,500.0,11100000.0,22100.0,1.0,22000.0,1.0,21900.0,1.0,21800.0,1,21700.0,1.0,21600.0,1.0,21500.0,1.0,21400.0,0.72,21300.0,1.0,21200.0,1.0,22200.0,1.0,22300.0,1.0,22400.0,1.0,22500.0,1.0,22600.0,1.0,22700.0,1.0,22800.0,1.0,22900.0,1.0,23000.0,1.0,23100.0,1.0
000629.SZ,2020-08-12,09:33:17,22200.0,14700.0,324870000.0,22100.0,1.0,22000.0,1.0,21900.0,1.0,21800.0,1,21700.0,1.0,21600.0,1.0,21500.0,1.0,21400.0,0.72,21300.0,1.0,21200.0,1.0,22200.0,1.0,22300.0,1.0,22400.0,1.0,22500.0,1.0,22600.0,1.0,22700.0,1.0,22800.0,1.0,22900.0,1.0,23000.0,1.0,23100.0,1.0
000629.SZ,2020-08-12,09:33:18,22100.0,0.0,0.0,22100.0,1.0,22000.0,1.0,21900.0,1.0,21800.0,1,21700.0,1.0,21600.0,1.0,21500.0,1.0,21400.0,0.72,21300.0,1.0,21200.0,1.0,22200.0,1.0,22300.0,1.0,22400.0,1.0,22500.0,1.0,22600.0,1.0,22700.0,1.0,22800.0,1.0,22900.0,1.0,23000.0,1.0,23100.0,1.0
000629.SZ,2020-08-12,09:33:19,22100.0,0.0,0.0,22100.0,1.0,22000.0,1.0,21900.0,1.0,21800.0,1,21700.0,1.0,21600.0,1.0,21500.0,1.0,21400.0,0.72,21300.0,1.0,21200.0,1.0,22200.0,1.0,22300.0,1.0,22400.0,1.0,22500.0,1.0,22600.0,1.0,22700.0,1.0,22800.0,1.0,22900.0,1.0,23000.0,1.0,23100.0,1.0
000629.SZ,2020-08-12,09:33:20,22100.0,0.0,0.0,22100.0,1.0,22000.0,1.0,21900.0,1.0,21800.0,1,21700.0,1.0,21600.0,1.0,21500.0,1.0,21400.0,0.72,21300.0,1.0,21200.0,1.0,22200.0,1.0,22300.0,1.0,22400.0,1.0,22500.0,1.0,22600.0,1.0,22700.0,1.0,22800.0,1.0,22900.0,1.0,23000.0,1.0,23100.0,1.0
000629.SZ,2020-08-12,09:33:21,22100.0,0.0,0.0,22100.0,1.0,22000.0,1.0,21900.0,1.0,21800.0,1,21700.0,1.0,21600.0,1.0,21500.0,1.0,21400.0,0.72,21300.0,1.0,21200.0,1.0,22200.0,1.0,22300.0,1.0,22400.0,1.0,22500.0,1.0,22600.0,1.0,22700.0,1.0,22800.0,1.0,22900.0,1.0,23000.0,1.0,23100.0,1.0
000629.SZ,2020-08-12,09:33:22,22100.0,0.0,0.0,22100.0,1.0,22000.0,1.0,21900.0,1.0,21800.0,1,21700.0,1.0,21600.0,1.0,21500.0,1.0,21400.0,0.72,21300.0,1.0,21200.0,1.0,22200.0,1.0,22300.0,1.0,22400.0,1.0,22500.0,1.0,22600.0,1.0,22700.0,1.0,22800.0,1.0,22900.0,1.0,23000.0,1.0,23100.0,1.0
000629.SZ,2020-08-12,09:33:23,22100.0,5000.0,111000000.0,22100.0,1.0,22000.0,1.0,21900.0,1.0,21800.0,1,21700.0,1.0,21600.0,1.0,21500.0,1.0,21400.0,0.72,21300.0,1.0,21200.0,1.0,22200.0,1.0,22300.0,1.0,22400.0,1.0,22500.0,1.0,22600.0,1.0,22700.0,1.0,22800.0,1.0,22900.0,1.0,23000.0,1.0,23100.0,1.0
000629.SZ,2020-08-12,09:33:24,22200.0,15400.0,341679800.0,22100.0,1.0,22000.0,1.0,21900.0,1.0,21800.0,1,21700.0,1.0,21600.0,1.0,21500.0,1.0,21400.0,0.72,21300.0,1.0,21200.0,1.0,22200.0,1.0,22300.0,1.0,22400.0,1.0,22500.0,1.0,22600.0,1.0,22700.0,1.0,22800.0,1.0,22900.0,1.0,23000.0,1.0,23100.0,1.0
000629.SZ,2020-08-12,09:33:25,22200.0,500.0,11100000.0,22100.0,1.0,22000.0,1.0,21900.0,1.0,21800.0,1,21700.0,1.0,21600.0,1.0,21500.0,1.0,21400.0,0.72,21300.0,1.0,21200.0,1.0,22200.0,1.0,22300.0,1.0,22400.0,1.0,22500.0,1.0,22600.0,1.0,22700.0,1.0,22800.0,1.0,22900.0,1.0,23000.0,1.0,23100.0,1.0
000629.SZ,2020-08-12,09:33:26,22200.0,29500.0,651950000.0,22100.0,1.0,22000.0,1.0,21900.0,1.0,21800.0,1,21700.0,1.0,21600.0,1.0,21500.0,1.0,21400.0,0.72,21300.0,1.0,21200.0,1.0,22200.0,1.0,22300.0,1.0,22400.0,1.0,22500.0,1.0,22600.0,1.0,22700.0,1.0,22800.0,1.0,22900.0,1.0,23000.0,1.0,23100.0,1.0
000629.SZ,2020-08-12,09:33:27,22200.0,0.0,0.0,22100.0,1.0,22000.0,1.0,21900.0,1.0,21800.0,1,21700.0,1.0,21600.0,1.0,21500.0,1.0,21400.0,0.72,21300.0,1.0,21200.0,1.0,22200.0,1.0,22300.0,1.0,22400.0,1.0,22500.0,1.0,22600.0,1.0,22700.0,1.0,22800.0,1.0,22900.0,1.0,23000.0,1.0,23100.0,1.0
000629.SZ,2020-08-12,09:33:28,22200.0,1900.0,42180000.0,22100.0,1.0,22000.0,1.0,21900.0,1.0,21800.0,1,21700.0,1.0,21600.0,1.0,21500.0,1.0,21400.0,0.72,21300.0,1.0,21200.0,1.0,22200.0,1.0,22300.0,1.0,22400.0,1.0,22500.0,1.0,22600.0,1.0,22700.0,1.0,22800.0,1.0,22900.0,1.0,23000.0,1.0,23100.0,1.0
000629.SZ,2020-08-12,09:33:29,22200.0,0.0,0.0,22100.0,1.0,22000.0,1.0,21900.0,1.0,21800.0,1,21700.0,1.0,21600.0,1.0,21500.0,1.0,21400.0,0.72,21300.0,1.0,21200.0,1.0,22200.0,1.0,22300.0,1.0,22400.0,1.0,22500.0,1.0,22600.0,1.0,22700.0,1.0,22800.0,1.0,22900.0,1.0,23000.0,1.0,23100.0,1.0
000629.SZ,2020-08-12,09:33:30,22200.0,0.0,0.0,22100.0,1.0,22000.0,1.0,21900.0,1.0,21800.0,1,21700.0,1.0,21600.0,1.0,21500.0,1.0,21400.0,0.72,21300.0,1.0,21200.0,1.0,22200.0,1.0,22300.0,1.0,22400.0,1.0,22500.0,1.0,22600.0,1.0,22700.0,1.0,22800.0,1.0,22900.0,1.0,23000.0,1.0,23100.0,1.0
000629.SZ,2020-08-12,09:33:31,22200.0,0.0,0.0,22100.0,1.0,22000.0,1.0,21900.0,1.0,21800.0,1,21700.0,1.0,21600.0,1.0,21500.0,1.0,21400.0,0.72,21300.0,1.0,21200.0,1.0,22200.0,1.0,22300.0,1.0,22400.0,1.0,22500.0,1.0,22600.0,1.0,22700.0,1.0,22800.0,1.0,22900.0,1.0,23000.0,1.0,23100.0,1.0
000629.SZ,2020-08-12,09:33:32,22200.0,0.0,0.0,22100.0,1.0,22000.0,1.0,21900.0,1.0,21800.0,1,21700.0,1.0,21600.0,1.0,21500.0,1.0,21400.0,0.72,21300.0,1.0,21200.0,1.0,22200.0,1.0,22300.0,1.0,22400.0,1.0,22500.0,1.0,22600.0,1.0,22700.0,1.0,22800.0,1.0,22900.0,1.0,23000.0,1.0,23100.0,1.0
000629.SZ,2020-08-12,09:33:33,22200.0,16900.0,375180000.0,22100.0,1.0,22000.0,1.0,21900.0,1.0,21800.0,1,21700.0,1.0,21600.0,1.0,21500.0,1.0,21400.0,0.72,21300.0,1.0,21200.0,1.0,22200.0,1.0,22300.0,1.0,22400.0,1.0,22500.0,1.0,22600.0,1.0,22700.0,1.0,22800.0,1.0,22900.0,1.0,23000.0,1.0,23100.0,1.0
000629.SZ,2020-08-12,09:33:34,22200.0,5000.0,111000000.0,22100.0,1.0,22000.0,1.0,21900.0,1.0,21800.0,1,21700.0,1.0,21600.0,1.0,21500.0,1.0,21400.0,0.72,21300.0,1.0,21200.0,1.0,22200.0,1.0,22300.0,1.0,22400.0,1.0,22500.0,1.0,22600.0,1.0,22700.0,1.0,22800.0,1.0,22900.0,1.0,23000.0,1.0,23100.0,1.0
000629.SZ,2020-08-12,09:33:35,22200.0,16600.0,368520000.0,22100.0,1.0,22000.0,1.0,21900.0,1.0,21800.0,1,21700.0,1.0,21600.0,1.0,21500.0,1.0,21400.0,0.72,21300.0,1.0,21200.0,1.0,22200.0,1.0,22300.0,1.0,22400.0,1.0,22500.0,1.0,22600.0,1.0,22700.0,1.0,22800.0,1.0,22900.0,1.0,23000.0,1.0,23100.0,1.0
000629.SZ,2020-08-12,09:33:36,22200.0,3800.0,84337200.0,22100.0,1.0,22000.0,1.0,21900.0,1.0,21800.0,1,21700.0,1.0,21600.0,1.0,21500.0,1.0,21400.0,0.72,21300.0,1.0,21200.0,1.0,22200.0,1.0,22300.0,1.0,22400.0,1.0,22500.0,1.0,22600.0,1.0,22700.0,1.0,22800.0,1.0,22900.0,1.0,23000.0,1.0,23100.0,1.0
000629.SZ,2020-08-12,09:33:37,22200.0,0.0,0.0,22100.0,1.0,22000.0,1.0,21900.0,1.0,21800.0,1,21700.0,1.0,21600.0,1.0,21500.0,1.0,21400.0,0.72,21300.0,1.0,21200.0,1.0,22200.0,1.0,22300.0,1.0,22400.0,1.0,22500.0,1.0,22600.0,1.0,22700.0,1.0,22800.0,1.0,22900.0,1.0,23000.0,1.0,23100.0,1.0
000629.SZ,2020-08-12,09:33:38,22200.0,0.0,0.0,22100.0,1.0,22000.0,1.0,21900.0,1.0,21800.0,1,21700.0,1.0,21600.0,1.0,21500.0,1.0,21400.0,0.72,21300.0,1.0,21200.0,1.0,22200.0,1.0,22300.0,1.0,22400.0,1.0,22500.0,1.0,22600.0,1.0,22700.0,1.0,22800.0,1.0,22900.0,1.0,23000.0,1.0,23100.0,1.0
000629.SZ,2020-08-12,09:33:39,22200.0,2000.0,44200000.0,22100.0,1.0,22000.0,1.0,21900.0,1.0,21800.0,1,21700.0,1.0,21600.0,1.0,21500.0,1.0,21400.0,0.72,21300.0,1.0,21200.0,1.0,22200.0,0.74,22300.0,1.0,22400.0,1.0,22500.0,1.0,22600.0,1.0,22700.0,1.0,22800.0,1.0,22900.0,1.0,23000.0,1.0,23100.0,1.0
000629.SZ,2020-08-12,09:33:40,22100.0,0.0,0.0,22100.0,1.0,22000.0,1.0,21900.0,1.0,21800.0,1,21700.0,1.0,21600.0,1.0,21500.0,1.0,21400.0,0.72,21300.0,1.0,21200.0,1.0,22200.0,0.74,22300.0,1.0,22400.0,1.0,22500.0,1.0,22600.0,1.0,22700.0,1.0,22800.0,1.0,22900.0,1.0,23000.0,1.0,23100.0,1.0
000629.SZ,2020-08-12,09:33:41,22100.0,0.0,0.0,22100.0,1.0,22000.0,1.0,21900.0,1.0,21800.0,1,21700.0,1.0,21600.0,1.0,21500.0,1.0,21400.0,0.72,21300.0,1.0,21200.0,1.0,22200.0,0.74,22300.0,1.0,22400.0,1.0,22500.0,1.0,22600.0,1.0,22700.0,1.0,22800.0,1.0,22900.0,1.0,23000.0,1.0,23100.0,1.0
000629.SZ,2020-08-12,09:33:42,22100.0,0.0,0.0,22100.0,1.0,22000.0,1.0,21900.0,1.0,21800.0,1,21700.0,1.0,21600.0,1.0,21500.0,1.0,21400.0,0.72,21300.0,1.0,21200.0,1.0,22200.0,0.74,22300.0,1.0,22400.0,1.0,22500.0,1.0,22600.0,1.0,22700.0,1.0,22800.0,1.0,22900.0,1.0,23000.0,1.0,23100.0,1.0
000629.SZ,2020-08-12,09:33:43,22100.0,17400.0,386280000.0,22100.0,1.0,22000.0,1.0,21900.0,1.0,21800.0,1,21700.0,1.0,21600.0,1.0,21500.0,1.0,21400.0,0.72,21300.0,1.0,21200.0,1.0,22200.0,0.65,22300.0,1.0,22400.0,1.0,22500.0,1.0,22600.0,1.0,22700.0,1.0,22800.0,1.0,22900.0,1.0,23000.0,1.0,23100.0,1.0
000629.SZ,2020-08-12,09:33:44,22200.0,0.0,0.0,22100.0,1.0,22000.0,1.0,21900.0,1.0,21800.0,1,21700.0,1.0,21600.0,1.0,21500.0,1.0,21400.0,0.72,21300.0,1.0,21200.0,1.0,22200.0,0.65,22300.0,1.0,22400.0,1.0,22500.0,1.0,22600.0,1.0,22700.0,1.0,22800.0,1.0,22900.0,1.0,23000.0,1.0,23100.0,1.0
000629.SZ,2020-08-12,09:33:45,22200.0,51000.0,1132200000.0,22200.0,0.64,22100.0,1.0,22000.0,1.0,21900.0,1,21800.0,1.0,21700.0,1.0,21600.0,1.0,21500.0,1.0,21400.0,0.72,21300.0,1.0,22300.0,1.0,22400.0,1.0,22500.0,1.0,22600.0,1.0,22700.0,1.0,22800.0,1.0,22900.0,1.0,23000.0,1.0,23100.0,1.0,23200.0,1.0
000629.SZ,2020-08-12,09:33:46,22200.0,50400.0,1118880000.0,22100.0,1.0,22000.0,1.0,21900.0,1.0,21800.0,1,21700.0,1.0,21600.0,1.0,21500.0,1.0,21400.0,0.72,21300.0,1.0,21200.0,1.0,22200.0,0.12,22300.0,1.0,22400.0,1.0,22500.0,1.0,22600.0,1.0,22700.0,1.0,22800.0,1.0,22900.0,1.0,23000.0,1.0,23100.0,1.0
000629.SZ,2020-08-12,09:33:47,22200.0,3000.0,66600000.0,22100.0,1.0,22000.0,1.0,21900.0,1.0,21800.0,1,21700.0,1.0,21600.0,1.0,21500.0,1.0,21400.0,0.72,21300.0,1.0,21200.0,1.0,22200.0,0.08,22300.0,1.0,22400.0,1.0,22500.0,1.0,22600.0,1.0,22700.0,1.0,22800.0,1.0,22900.0,1.0,23000.0,1.0,23100.0,1.0
000629.SZ,2020-08-12,09:33:48,22200.0,7228.0,160461600.0,22200.0,0.04,22100.0,1.0,22000.0,1.0,21900.0,1,21800.0,1.0,21700.0,1.0,21600.0,1.0,21500.0,1.0,21400.0,0.72,21300.0,1.0,22300.0,1.0,22400.0,1.0,22500.0,1.0,22600.0,1.0,22700.0,1.0,22800.0,1.0,22900.0,1.0,23000.0,1.0,23100.0,1.0,23200.0,1.0
000629.SZ,2020-08-12,09:33:49,22200.0,1072.0,23798400.0,22200.0,0.04,22100.0,1.0,22000.0,1.0,21900.0,1,21800.0,1.0,21700.0,1.0,21600.0,1.0,21500.0,1.0,21400.0,0.72,21300.0,1.0,22300.0,1.0,22400.0,1.0,22500.0,1.0,22600.0,1.0,22700.0,1.0,22800.0,1.0,22900.0,1.0,23000.0,1.0,23100.0,1.0,23200.0,1.0
000629.SZ,2020-08-12,09:33:50,22200.0,0.0,0.0,22200.0,0.04,22100.0,1.0,22000.0,1.0,21900.0,1,21800.0,1.0,21700.0,1.0,21600.0,1.0,21500.0,1.0,21400.0,0.72,21300.0,1.0,22300.0,1.0,22400.0,1.0,22500.0,1.0,22600.0,1.0,22700.0,1.0,22800.0,1.0,22900.0,1.0,23000.0,1.0,23100.0,1.0,23200.0,1.0
000629.SZ,2020-08-12,09:33:51,22200.0,0.0,0.0,22200.0,0.04,22100.0,1.0,22000.0,1.0,21900.0,1,21800.0,1.0,21700.0,1.0,21600.0,1.0,21500.0,1.0,21400.0,0.72,21300.0,1.0,22300.0,1.0,22400.0,1.0,22500.0,1.0,22600.0,1.0,22700.0,1.0,22800.0,1.0,22900.0,1.0,23000.0,1.0,23100.0,1.0,23200.0,1.0
000629.SZ,2020-08-12,09:33:52,22200.0,1700.0,37889600.0,22200.0,0.67,22100.0,1.0,22000.0,1.0,21900.0,1,21800.0,1.0,21700.0,1.0,21600.0,1.0,21500.0,1.0,21400.0,0.72,21300.0,1.0,22300.0,1.0,22400.0,1.0,22500.0,1.0,22600.0,1.0,22700.0,1.0,22800.0,1.0,22900.0,1.0,23000.0,1.0,23100.0,1.0,23200.0,1.0
000629.SZ,2020-08-12,09:33:53,22200.0,40100.0,890220000.0,22200.0,0.21,22100.0,1.0,22000.0,1.0,21900.0,1,21800.0,1.0,21700.0,1.0,21600.0,1.0,21500.0,1.0,21400.0,0.72,21300.0,1.0,22300.0,1.0,22400.0,1.0,22500.0,1.0,22600.0,1.0,22700.0,1.0,22800.0,1.0,22900.0,1.0,23000.0,1.0,23100.0,1.0,23200.0,1.0
000629.SZ,2020-08-12,09:33:54,22200.0,23800.0,528360000.0,22200.0,0.04,22100.0,1.0,22000.0,1.0,21900.0,1,21800.0,1.0,21700.0,1.0,21600.0,1.0,21500.0,1.0,21400.0,0.72,21300.0,1.0,22300.0,1.0,22400.0,1.0,22500.0,1.0,22600.0,1.0,22700.0,1.0,22800.0,1.0,22900.0,1.0,23000.0,1.0,23100.0,1.0,23200.0,1.0
000629.SZ,2020-08-12,09:33:55,22200.0,200.0,4440000.0,22200.0,0.05,22100.0,1.0,22000.0,1.0,21900.0,1,21800.0,1.0,21700.0,1.0,21600.0,1.0,21500.0,1.0,21400.0,0.72,21300.0,1.0,22300.0,1.0,22400.0,1.0,22500.0,1.0,22600.0,1.0,22700.0,1.0,22800.0,1.0,22900.0,1.0,23000.0,1.0,23100.0,1.0,23200.0,1.0
000629.SZ,2020-08-12,09:33:56,22200.0,0.0,0.0,22200.0,0.05,22100.0,1.0,22000.0,1.0,21900.0,1,21800.0,1.0,21700.0,1.0,21600.0,1.0,21500.0,1.0,21400.0,0.72,21300.0,1.0,22300.0,1.0,22400.0,1.0,22500.0,1.0,22600.0,1.0,22700.0,1.0,22800.0,1.0,22900.0,1.0,23000.0,1.0,23100.0,1.0,23200.0,1.0
000629.SZ,2020-08-12,09:33:57,22200.0,800.0,17760000.0,22100.0,1.0,22000.0,1.0,21900.0,1.0,21800.0,1,21700.0,1.0,21600.0,1.0,21500.0,1.0,21400.0,0.72,21300.0,1.0,21200.0,1.0,22200.0,0.22,22300.0,1.0,22400.0,1.0,22500.0,1.0,22600.0,1.0,22700.0,1.0,22800.0,1.0,22900.0,1.0,23000.0,1.0,23100.0,1.0
000629.SZ,2020-08-12,09:33:58,22200.0,0.0,0.0,22100.0,1.0,22000.0,1.0,21900.0,1.0,21800.0,1,21700.0,1.0,21600.0,1.0,21500.0,1.0,21400.0,0.72,21300.0,1.0,21200.0,1.0,22200.0,0.22,22300.0,1.0,22400.0,1.0,22500.0,1.0,22600.0,1.0,22700.0,1.0,22800.0,1.0,22900.0,1.0,23000.0,1.0,23100.0,1.0
000629.SZ,2020-08-12,09:33:59,22200.0,0.0,0.0,22100.0,1.0,22000.0,1.0,21900.0,1.0,21800.0,1,21700.0,1.0,21600.0,1.0,21500.0,1.0,21400.0,0.72,21300.0,1.0,21200.0,1.0,22200.0,0.21,22300.0,1.0,22400.0,1.0,22500.0,1.0,22600.0,1.0,22700.0,1.0,22800.0,1.0,22900.0,1.0,23000.0,1.0,23100.0,1.0
000629.SZ,2020-08-12,09:34:00,22200.0,0.0,0.0,22100.0,1.0,22000.0,1.0,21900.0,1.0,21800.0,1,21700.0,1.0,21600.0,1.0,21500.0,1.0,21400.0,0.72,21300.0,1.0,21200.0,1.0,22200.0,0.21,22300.0,1.0,22400.0,1.0,22500.0,1.0,22600.0,1.0,22700.0,1.0,22800.0,1.0,22900.0,1.0,23000.0,1.0,23100.0,1.0
000629.SZ,2020-08-12,09:34:01,22200.0,2000.0,44400000.0,22100.0,1.0,22000.0,1.0,21900.0,1.0,21800.0,1,21700.0,1.0,21600.0,1.0,21500.0,1.0,21400.0,0.71,21300.0,1.0,21200.0,1.0,22200.0,0.58,22300.0,1.0,22400.0,1.0,22500.0,1.0,22600.0,1.0,22700.0,1.0,22800.0,1.0,22900.0,1.0,23000.0,1.0,23100.0,1.0
000629.SZ,2020-08-12,09:34:02,22200.0,4500.0,99900000.0,22100.0,1.0,22000.0,1.0,21900.0,1.0,21800.0,1,21700.0,1.0,21600.0,1.0,21500.0,1.0,21400.0,0.71,21300.0,1.0,21200.0,1.0,22200.0,0.78,22300.0,1.0,22400.0,1.0,22500.0,1.0,22600.0,1.0,22700.0,1.0,22800.0,1.0,22900.0,1.0,23000.0,1.0,23100.0,1.0
000629.SZ,2020-08-12,09:34:03,22200.0,0.0,0.0,22100.0,1.0,22000.0,1.0,21900.0,1.0,21800.0,1,21700.0,1.0,21600.0,1.0,21500.0,1.0,21400.0,0.71,21300.0,1.0,21200.0,1.0,22200.0,0.78,22300.0,1.0,22400.0,1.0,22500.0,1.0,22600.0,1.0,22700.0,1.0,22800.0,1.0,22900.0,1.0,23000.0,1.0,23100.0,1.0
000629.SZ,2020-08-12,09:34:04,22200.0,25000.0,553000000.0,22100.0,1.0,22000.0,1.0,21900.0,1.0,21800.0,1,21700.0,1.0,21600.0,1.0,21500.0,1.0,21400.0,0.71,21300.0,1.0,21200.0,1.0,22200.0,0.71,22300.0,1.0,22400.0,1.0,22500.0,1.0,22600.0,1.0,22700.0,1.0,22800.0,1.0,22900.0,1.0,23000.0,1.0,23100.0,1.0
000629.SZ,2020-08-12,09:34:05,22100.0,0.0,0.0,22100.0,1.0,22000.0,1.0,21900.0,1.0,21800.0,1,21700.0,1.0,21600.0,1.0,21500.0,1.0,21400.0,0.71,21300.0,1.0,21200.0,1.0,22200.0,0.71,22300.0,1.0,22400.0,1.0,22500.0,1.0,22600.0,1.0,22700.0,1.0,22800.0,1.0,22900.0,1.0,23000.0,1.0,23100.0,1.0
000629.SZ,2020-08-12,09:34:06,22100.0,0.0,0.0,22100.0,1.0,22000.0,1.0,21900.0,1.0,21800.0,1,21700.0,1.0,21600.0,1.0,21500.0,1.0,21400.0,0.71,21300.0,1.0,21200.0,1.0,22200.0,0.71,22300.0,1.0,22400.0,1.0,22500.0,1.0,22600.0,1.0,22700.0,1.0,22800.0,1.0,22900.0,1.0,23000.0,1.0,23100.0,1.0
000629.SZ,2020-08-12,09:34:07,22100.0,0.0,0.0,22100.0,1.0,22000.0,1.0,21900.0,1.0,21800.0,1,21700.0,1.0,21600.0,1.0,21500.0,1.0,21400.0,0.71,21300.0,1.0,21200.0,1.0,22200.0,0.71,22300.0,1.0,22400.0,1.0,22500.0,1.0,22600.0,1.0,22700.0,1.0,22800.0,1.0,22900.0,1.0,23000.0,1.0,23100.0,1.0
000629.SZ,2020-08-12,09:34:08,22100.0,10200.0,225420000.0,22100.0,1.0,22000.0,1.0,21900.0,1.0,21800.0,1,21700.0,1.0,21600.0,1.0,21500.0,1.0,21400.0,0.71,21300.0,1.0,21200.0,1.0,22200.0,1.0,22300.0,1.0,22400.0,1.0,22500.0,1.0,22600.0,1.0,22700.0,1.0,22800.0,1.0,22900.0,1.0,23000.0,1.0,23100.0,1.0
000629.SZ,2020-08-12,09:34:09,22100.0,0.0,0.0,22100.0,1.0,22000.0,1.0,21900.0,1.0,21800.0,1,21700.0,1.0,21600.0,1.0,21500.0,1.0,21400.0,0.71,21300.0,1.0,21200.0,1.0,22200.0,1.0,22300.0,1.0,22400.0,1.0,22500.0,1.0,22600.0,1.0,22700.0,1.0,22800.0,1.0,22900.0,1.0,23000.0,1.0,23100.0,1.0
000629.SZ,2020-08-12,09:34:10,22100.0,27000.0,599400000.0,22100.0,1.0,22000.0,1.0,21900.0,1.0,21800.0,1,21700.0,1.0,21600.0,1.0,21500.0,1.0,21400.0,0.71,21300.0,1.0,21200.0,1.0,22200.0,0.86,22300.0,1.0,22400.0,1.0,22500.0,1.0,22600.0,1.0,22700.0,1.0,22800.0,1.0,22900.0,1.0,23000.0,1.0,23100.0,1.0
000629.SZ,2020-08-12,09:34:11,22200.0,0.0,0.0,22100.0,1.0,22000.0,1.0,21900.0,1.0,21800.0,1,21700.0,1.0,21600.0,1.0,21500.0,1.0,21400.0,0.71,21300.0,1.0,21200.0,1.0,22200.0,0.86,22300.0,1.0,22400.0,1.0,22500.0,1.0,22600.0,1.0,22700.0,1.0,22800.0,1.0,22900.0,1.0,23000.0,1.0,23100.0,1.0
000629.SZ,2020-08-12,09:34:12,22200.0,3200.0,71040000.0,22100.0,1.0,22000.0,1.0,21900.0,1.0,21800.0,1,21700.0,1.0,21600.0,1.0,21500.0,1.0,21400.0,0.71,21300.0,1.0,21200.0,1.0,22200.0,0.81,22300.0,1.0,22400.0,1.0,22500.0,1.0,22600.0,1.0,22700.0,1.0,22800.0,1.0,22900.0,1.0,23000.0,1.0,23100.0,1.0
000629.SZ,2020-08-12,09:34:13,22200.0,500.0,11100000.0,22100.0,1.0,22000.0,1.0,21900.0,1.0,21800.0,1,21700.0,1.0,21600.0,1.0,21500.0,1.0,21400.0,0.71,21300.0,1.0,21200.0,1.0,22200.0,0.81,22300.0,1.0,22400.0,1.0,22500.0,1.0,22600.0,1.0,22700.0,1.0,22800.0,1.0,22900.0,1.0,23000.0,1.0,23100.0,1.0
000629.SZ,2020-08-12,09:34:14,22200.0,0.0,0.0,22100.0,1.0,22000.0,1.0,21900.0,1.0,21800.0,1,21700.0,1.0,21600.0,1.0,21500.0,1.0,21400.0,0.71,21300.0,1.0,21200.0,1.0,22200.0,0.81,22300.0,1.0,22400.0,1.0,22500.0,1.0,22600.0,1.0,22700.0,1.0,22800.0,1.0,22900.0,1.0,23000.0,1.0,23100.0,1.0
000629.SZ,2020-08-12,09:34:15,22200.0,0.0,0.0,22100.0,1.0,22000.0,1.0,21900.0,1.0,21800.0,1,21700.0,1.0,21600.0,1.0,21500.0,1.0,21400.0,0.71,21300.0,1.0,21200.0,1.0,22200.0,0.81,22300.0,1.0,22400.0,1.0,22500.0,1.0,22600.0,1.0,22700.0,1.0,22800.0,1.0,22900.0,1.0,23000.0,1.0,23100.0,1.0
000629.SZ,2020-08-12,09:34:16,22200.0,0.0,0.0,22100.0,1.0,22000.0,1.0,21900.0,1.0,21800.0,1,21700.0,1.0,21600.0,1.0,21500.0,1.0,21400.0,0.71,21300.0,1.0,21200.0,1.0,22200.0,0.81,22300.0,1.0,22400.0,1.0,22500.0,1.0,22600.0,1.0,22700.0,1.0,22800.0,1.0,22900.0,1.0,23000.0,1.0,23100.0,1.0
000629.SZ,2020-08-12,09:34:17,22200.0,0.0,0.0,22100.0,1.0,22000.0,1.0,21900.0,1.0,21800.0,1,21700.0,1.0,21600.0,1.0,21500.0,1.0,21400.0,0.71,21300.0,1.0,21200.0,1.0,22200.0,0.81,22300.0,1.0,22400.0,1.0,22500.0,1.0,22600.0,1.0,22700.0,1.0,22800.0,1.0,22900.0,1.0,23000.0,1.0,23100.0,1.0
000629.SZ,2020-08-12,09:34:18,22200.0,0.0,0.0,22100.0,1.0,22000.0,1.0,21900.0,1.0,21800.0,1,21700.0,1.0,21600.0,1.0,21500.0,1.0,21400.0,0.71,21300.0,1.0,21200.0,1.0,22200.0,0.81,22300.0,1.0,22400.0,1.0,22500.0,1.0,22600.0,1.0,22700.0,1.0,22800.0,1.0,22900.0,1.0,23000.0,1.0,23100.0,1.0
000629.SZ,2020-08-12,09:34:19,22200.0,0.0,0.0,22100.0,1.0,22000.0,1.0,21900.0,1.0,21800.0,1,21700.0,1.0,21600.0,1.0,21500.0,1.0,21400.0,0.71,21300.0,1.0,21200.0,1.0,22200.0,0.81,22300.0,1.0,22400.0,1.0,22500.0,1.0,22600.0,1.0,22700.0,1.0,22800.0,1.0,22900.0,1.0,23000.0,1.0,23100.0,1.0
000629.SZ,2020-08-12,09:34:20,22200.0,14700.0,324870000.0,22100.0,1.0,22000.0,1.0,21900.0,1.0,21800.0,1,21700.0,1.0,21600.0,1.0,21500.0,1.0,21400.0,0.71,21300.0,1.0,21200.0,1.0,22200.0,0.81,22300.0,1.0,22400.0,1.0,22500.0,1.0,22600.0,1.0,22700.0,1.0,22800.0,1.0,22900.0,1.0,23000.0,1.0,23100.0,1.0
000629.SZ,2020-08-12,09:34:21,22100.0,0.0,0.0,22100.0,1.0,22000.0,1.0,21900.0,1.0,21800.0,1,21700.0,1.0,21600.0,1.0,21500.0,1.0,21400.0,0.71,21300.0,1.0,21200.0,1.0,22200.0,1.0,22300.0,1.0,22400.0,1.0,22500.0,1.0,22600.0,1.0,22700.0,1.0,22800.0,1.0,22900.0,1.0,23000.0,1.0,23100.0,1.0
000629.SZ,2020-08-12,09:34:22,22100.0,0.0,0.0,22100.0,1.0,22000.0,1.0,21900.0,1.0,21800.0,1,21700.0,1.0,21600.0,1.0,21500.0,1.0,21400.0,0.71,21300.0,1.0,21200.0,1.0,22200.0,1.0,22300.0,1.0,22400.0,1.0,22500.0,1.0,22600.0,1.0,22700.0,1.0,22800.0,1.0,22900.0,1.0,23000.0,1.0,23100.0,1.0
000629.SZ,2020-08-12,09:34:23,22100.0,1000.0,22200000.0,22100.0,1.0,22000.0,1.0,21900.0,1.0,21800.0,1,21700.0,1.0,21600.0,1.0,21500.0,1.0,21400.0,0.71,21300.0,1.0,21200.0,1.0,22200.0,1.0,22300.0,1.0,22400.0,1.0,22500.0,1.0,22600.0,1.0,22700.0,1.0,22800.0,1.0,22900.0,1.0,23000.0,1.0,23100.0,1.0
000629.SZ,2020-08-12,09:34:24,22200.0,0.0,0.0,22100.0,1.0,22000.0,1.0,21900.0,1.0,21800.0,1,21700.0,1.0,21600.0,1.0,21500.0,1.0,21400.0,0.71,21300.0,1.0,21200.0,1.0,22200.0,1.0,22300.0,1.0,22400.0,1.0,22500.0,1.0,22600.0,1.0,22700.0,1.0,22800.0,1.0,22900.0,1.0,23000.0,1.0,23100.0,1.0
000629.SZ,2020-08-12,09:34:25,22200.0,6000.0,133200000.0,22100.0,1.0,22000.0,1.0,21900.0,1.0,21800.0,1,21700.0,1.0,21600.0,1.0,21500.0,1.0,21400.0,0.71,21300.0,1.0,21200.0,1.0,22200.0,1.0,22300.0,1.0,22400.0,1.0,22500.0,1.0,22600.0,1.0,22700.0,1.0,22800.0,1.0,22900.0,1.0,23000.0,1.0,23100.0,1.0
000629.SZ,2020-08-12,09:34:26,22200.0,0.0,0.0,22100.0,1.0,22000.0,1.0,21900.0,1.0,21800.0,1,21700.0,1.0,21600.0,1.0,21500.0,1.0,21400.0,0.71,21300.0,1.0,21200.0,1.0,22200.0,1.0,22300.0,1.0,22400.0,1.0,22500.0,1.0,22600.0,1.0,22700.0,1.0,22800.0,1.0,22900.0,1.0,23000.0,1.0,23100.0,1.0
000629.SZ,2020-08-12,09:34:27,22200.0,0.0,0.0,22100.0,1.0,22000.0,1.0,21900.0,1.0,21800.0,1,21700.0,1.0,21600.0,1.0,21500.0,1.0,21400.0,0.71,21300.0,1.0,21200.0,1.0,22200.0,1.0,22300.0,1.0,22400.0,1.0,22500.0,1.0,22600.0,1.0,22700.0,1.0,22800.0,1.0,22900.0,1.0,23000.0,1.0,23100.0,1.0
000629.SZ,2020-08-12,09:34:28,22200.0,300.0,6660000.0,22100.0,1.0,22000.0,1.0,21900.0,1.0,21800.0,1,21700.0,1.0,21600.0,1.0,21500.0,1.0,21400.0,0.71,21300.0,1.0,21200.0,1.0,22200.0,1.0,22300.0,1.0,22400.0,1.0,22500.0,1.0,22600.0,1.0,22700.0,1.0,22800.0,1.0,22900.0,1.0,23000.0,1.0,23100.0,1.0
000629.SZ,2020-08-12,09:34:29,22200.0,0.0,0.0,22100.0,1.0,22000.0,1.0,21900.0,1.0,21800.0,1,21700.0,1.0,21600.0,1.0,21500.0,1.0,21400.0,0.71,21300.0,1.0,21200.0,1.0,22200.0,1.0,22300.0,1.0,22400.0,1.0,22500.0,1.0,22600.0,1.0,22700.0,1.0,22800.0,1.0,22900.0,1.0,23000.0,1.0,23100.0,1.0
000629.SZ,2020-08-12,09:34:30,22200.0,29400.0,649740000.0,22100.0,1.0,22000.0,1.0,21900.0,1.0,21800.0,1,21700.0,1.0,21600.0,1.0,21500.0,1.0,21400.0,0.71,21300.0,1.0,21200.0,1.0,22200.0,1.0,22300.0,1.0,22400.0,1.0,22500.0,1.0,22600.0,1.0,22700.0,1.0,22800.0,1.0,22900.0,1.0,23000.0,1.0,23100.0,1.0
000629.SZ,2020-08-12,09:34:31,22100.0,0.0,0.0,22100.0,1.0,22000.0,1.0,21900.0,1.0,21800.0,1,21700.0,1.0,21600.0,1.0,21500.0,1.0,21400.0,0.71,21300.0,1.0,21200.0,1.0,22200.0,1.0,22300.0,1.0,22400.0,1.0,22500.0,1.0,22600.0,1.0,22700.0,1.0,22800.0,1.0,22900.0,1.0,23000.0,1.0,23100.0,1.0
000629.SZ,2020-08-12,09:34:32,22100.0,0.0,0.0,22100.0,1.0,22000.0,1.0,21900.0,1.0,21800.0,1,21700.0,1.0,21600.0,1.0,21500.0,1.0,21400.0,0.71,21300.0,1.0,21200.0,1.0,22200.0,1.0,22300.0,1.0,22400.0,1.0,22500.0,1.0,22600.0,1.0,22700.0,1.0,22800.0,1.0,22900.0,1.0,23000.0,1.0,23100.0,1.0
000629.SZ,2020-08-12,09:34:33,22100.0,33500.0,743700000.0,22100.0,1.0,22000.0,1.0,21900.0,1.0,21800.0,1,21700.0,1.0,21600.0,1.0,21500.0,1.0,21400.0,0.71,21300.0,1.0,21200.0,1.0,22200.0,0.73,22300.0,1.0,22400.0,1.0,22500.0,1.0,22600.0,1.0,22700.0,1.0,22800.0,1.0,22900.0,1.0,23000.0,1.0,23100.0,1.0
000629.SZ,2020-08-12,09:34:34,22200.0,4400.0,97240000.0,22100.0,1.0,22000.0,1.0,21900.0,1.0,21800.0,1,21700.0,1.0,21600.0,1.0,21500.0,1.0,21400.0,0.71,21300.0,1.0,21200.0,1.0,22200.0,0.73,22300.0,1.0,22400.0,1.0,22500.0,1.0,22600.0,1.0,22700.0,1.0,22800.0,1.0,22900.0,1.0,23000.0,1.0,23100.0,1.0
000629.SZ,2020-08-12,09:34:35,22100.0,0.0,0.0,22100.0,1.0,22000.0,1.0,21900.0,1.0,21800.0,1,21700.0,1.0,21600.0,1.0,21500.0,1.0,21400.0,0.71,21300.0,1.0,21200.0,1.0,22200.0,0.73,22300.0,1.0,22400.0,1.0,22500.0,1.0,22600.0,1.0,22700.0,1.0,22800.0,1.0,22900.0,1.0,23000.0,1.0,23100.0,1.0
000629.SZ,2020-08-12,09:34:36,22100.0,1400.0,30940000.0,22100.0,1.0,22000.0,1.0,21900.0,1.0,21800.0,1,21700.0,1.0,21600.0,1.0,21500.0,1.0,21400.0,0.71,21300.0,1.0,21200.0,1.0,22200.0,0.73,22300.0,1.0,22400.0,1.0,22500.0,1.0,22600.0,1.0,22700.0,1.0,22800.0,1.0,22900.0,1.0,23000.0,1.0,23100.0,1.0
000629.SZ,2020-08-12,09:34:37,22100.0,0.0,0.0,22100.0,1.0,22000.0,1.0,21900.0,1.0,21800.0,1,21700.0,1.0,21600.0,1.0,21500.0,1.0,21400.0,0.71,21300.0,1.0,21200.0,1.0,22200.0,0.73,22300.0,1.0,22400.0,1.0,22500.0,1.0,22600.0,1.0,22700.0,1.0,22800.0,1.0,22900.0,1.0,23000.0,1.0,23100.0,1.0
000629.SZ,2020-08-12,09:34:38,22100.0,0.0,0.0,22100.0,1.0,22000.0,1.0,21900.0,1.0,21800.0,1,21700.0,1.0,21600.0,1.0,21500.0,1.0,21400.0,0.71,21300.0,1.0,21200.0,1.0,22200.0,0.73,22300.0,1.0,22400.0,1.0,22500.0,1.0,22600.0,1.0,22700.0,1.0,22800.0,1.0,22900.0,1.0,23000.0,1.0,23100.0,1.0
000629.SZ,2020-08-12,09:34:39,22100.0,0.0,0.0,22100.0,1.0,22000.0,1.0,21900.0,1.0,21800.0,1,21700.0,1.0,21600.0,1.0,21500.0,1.0,21400.0,0.71,21300.0,1.0,21200.0,1.0,22200.0,0.73,22300.0,1.0,22400.0,1.0,22500.0,1.0,22600.0,1.0,22700.0,1.0,22800.0,1.0,22900.0,1.0,23000.0,1.0,23100.0,1.0
000629.SZ,2020-08-12,09:34:40,22100.0,0.0,0.0,22100.0,1.0,22000.0,1.0,21900.0,1.0,21800.0,1,21700.0,1.0,21600.0,1.0,21500.0,1.0,21400.0,0.71,21300.0,1.0,21200.0,1.0,22200.0,0.73,22300.0,1.0,22400.0,1.0,22500.0,1.0,22600.0,1.0,22700.0,1.0,22800.0,1.0,22900.0,1.0,23000.0,1.0,23100.0,1.0
000629.SZ,2020-08-12,09:34:41,22100.0,0.0,0.0,22100.0,1.0,22000.0,1.0,21900.0,1.0,21800.0,1,21700.0,1.0,21600.0,1.0,21500.0,1.0,21400.0,0.71,21300.0,1.0,21200.0,1.0,22200.0,0.73,22300.0,1.0,22400.0,1.0,22500.0,1.0,22600.0,1.0,22700.0,1.0,22800.0,1.0,22900.0,1.0,23000.0,1.0,23100.0,1.0
000629.SZ,2020-08-12,09:34:42,22100.0,0.0,0.0,22100.0,1.0,22000.0,1.0,21900.0,1.0,21800.0,1,21700.0,1.0,21600.0,1.0,21500.0,1.0,21400.0,0.71,21300.0,1.0,21200.0,1.0,22200.0,0.73,22300.0,1.0,22400.0,1.0,22500.0,1.0,22600.0,1.0,22700.0,1.0,22800.0,1.0,22900.0,1.0,23000.0,1.0,23100.0,1.0
000629.SZ,2020-08-12,09:34:43,22100.0,0.0,0.0,22100.0,1.0,22000.0,1.0,21900.0,1.0,21800.0,1,21700.0,1.0,21600.0,1.0,21500.0,1.0,21400.0,0.71,21300.0,1.0,21200.0,1.0,22200.0,0.73,22300.0,1.0,22400.0,1.0,22500.0,1.0,22600.0,1.0,22700.0,1.0,22800.0,1.0,22900.0,1.0,23000.0,1.0,23100.0,1.0
000629.SZ,2020-08-12,09:34:44,22100.0,9200.0,203320000.0,22100.0,1.0,22000.0,1.0,21900.0,1.0,21800.0,1,21700.0,1.0,21600.0,1.0,21500.0,1.0,21400.0,0.71,21300.0,1.0,21200.0,1.0,22200.0,0.73,22300.0,1.0,22400.0,1.0,22500.0,1.0,22600.0,1.0,22700.0,1.0,22800.0,1.0,22900.0,1.0,23000.0,1.0,23100.0,1.0
000629.SZ,2020-08-12,09:34:45,22100.0,0.0,0.0,22100.0,1.0,22000.0,1.0,21900.0,1.0,21800.0,1,21700.0,1.0,21600.0,1.0,21500.0,1.0,21400.0,0.71,21300.0,1.0,21200.0,1.0,22200.0,0.73,22300.0,1.0,22400.0,1.0,22500.0,1.0,22600.0,1.0,22700.0,1.0,22800.0,1.0,22900.0,1.0,23000.0,1.0,23100.0,1.0
000629.SZ,2020-08-12,09:34:46,22100.0,14700.0,324870000.0,22100.0,1.0,22000.0,1.0,21900.0,1.0,21800.0,1,21700.0,1.0,21600.0,1.0,21500.0,1.0,21400.0,0.71,21300.0,1.0,21200.0,1.0,22200.0,0.73,22300.0,1.0,22400.0,1.0,22500.0,1.0,22600.0,1.0,22700.0,1.0,22800.0,1.0,22900.0,1.0,23000.0,1.0,23100.0,1.0
000629.SZ,2020-08-12,09:34:47,22100.0,0.0,0.0,22100.0,1.0,22000.0,1.0,21900.0,1.0,21800.0,1,21700.0,1.0,21600.0,1.0,21500.0,1.0,21400.0,0.71,21300.0,1.0,21200.0,1.0,22200.0,0.73,22300.0,1.0,22400.0,1.0,22500.0,1.0,22600.0,1.0,22700.0,1.0,22800.0,1.0,22900.0,1.0,23000.0,1.0,23100.0,1.0
000629.SZ,2020-08-12,09:34:48,22100.0,14700.0,324870000.0,22100.0,1.0,22000.0,1.0,21900.0,1.0,21800.0,1,21700.0,1.0,21600.0,1.0,21500.0,1.0,21400.0,0.71,21300.0,1.0,21200.0,1.0,22200.0,0.86,22300.0,1.0,22400.0,1.0,22500.0,1.0,22600.0,1.0,22700.0,1.0,22800.0,1.0,22900.0,1.0,23000.0,1.0,23100.0,1.0
000629.SZ,2020-08-12,09:34:49,22100.0,6400.0,141440000.0,22100.0,1.0,22000.0,1.0,21900.0,1.0,21800.0,1,21700.0,1.0,21600.0,1.0,21500.0,1.0,21400.0,0.71,21300.0,1.0,21200.0,1.0,22200.0,0.86,22300.0,1.0,22400.0,1.0,22500.0,1.0,22600.0,1.0,22700.0,1.0,22800.0,1.0,22900.0,1.0,23000.0,1.0,23100.0,1.0
000629.SZ,2020-08-12,09:34:50,22100.0,0.0,0.0,22100.0,1.0,22000.0,1.0,21900.0,1.0,21800.0,1,21700.0,1.0,21600.0,1.0,21500.0,1.0,21400.0,0.71,21300.0,1.0,21200.0,1.0,22200.0,0.86,22300.0,1.0,22400.0,1.0,22500.0,1.0,22600.0,1.0,22700.0,1.0,22800.0,1.0,22900.0,1.0,23000.0,1.0,23100.0,1.0
000629.SZ,2020-08-12,09:34:51,22100.0,6800.0,150280000.0,22100.0,1.0,22000.0,1.0,21900.0,1.0,21800.0,1,21700.0,1.0,21600.0,1.0,21500.0,1.0,21400.0,0.71,21300.0,1.0,21200.0,1.0,22200.0,0.86,22300.0,1.0,22400.0,1.0,22500.0,1.0,22600.0,1.0,22700.0,1.0,22800.0,1.0,22900.0,1.0,23000.0,1.0,23100.0,1.0
000629.SZ,2020-08-12,09:34:52,22100.0,0.0,0.0,22100.0,1.0,22000.0,1.0,21900.0,1.0,21800.0,1,21700.0,1.0,21600.0,1.0,21500.0,1.0,21400.0,0.71,21300.0,1.0,21200.0,1.0,22200.0,0.86,22300.0,1.0,22400.0,1.0,22500.0,1.0,22600.0,1.0,22700.0,1.0,22800.0,1.0,22900.0,1.0,23000.0,1.0,23100.0,1.0
000629.SZ,2020-08-12,09:34:53,22100.0,0.0,0.0,22100.0,1.0,22000.0,1.0,21900.0,1.0,21800.0,1,21700.0,1.0,21600.0,1.0,21500.0,1.0,21400.0,0.71,21300.0,1.0,21200.0,1.0,22200.0,0.86,22300.0,1.0,22400.0,1.0,22500.0,1.0,22600.0,1.0,22700.0,1.0,22800.0,1.0,22900.0,1.0,23000.0,1.0,23100.0,1.0
000629.SZ,2020-08-12,09:34:54,22100.0,0.0,0.0,22100.0,1.0,22000.0,1.0,21900.0,1.0,21800.0,1,21700.0,1.0,21600.0,1.0,21500.0,1.0,21400.0,0.71,21300.0,1.0,21200.0,1.0,22200.0,1.0,22300.0,1.0,22400.0,1.0,22500.0,1.0,22600.0,1.0,22700.0,1.0,22800.0,1.0,22900.0,1.0,23000.0,1.0,23100.0,1.0
000629.SZ,2020-08-12,09:34:55,22100.0,0.0,0.0,22100.0,1.0,22000.0,1.0,21900.0,1.0,21800.0,1,21700.0,1.0,21600.0,1.0,21500.0,1.0,21400.0,0.71,21300.0,1.0,21200.0,1.0,22200.0,1.0,22300.0,1.0,22400.0,1.0,22500.0,1.0,22600.0,1.0,22700.0,1.0,22800.0,1.0,22900.0,1.0,23000.0,1.0,23100.0,1.0
000629.SZ,2020-08-12,09:34:56,22100.0,3000.0,66300000.0,22100.0,1.0,22000.0,1.0,21900.0,1.0,21800.0,1,21700.0,1.0,21600.0,1.0,21500.0,1.0,21400.0,0.71,21300.0,1.0,21200.0,1.0,22200.0,1.0,22300.0,1.0,22400.0,1.0,22500.0,1.0,22600.0,1.0,22700.0,1.0,22800.0,1.0,22900.0,1.0,23000.0,1.0,23100.0,1.0
000629.SZ,2020-08-12,09:34:57,22100.0,2000.0,44330000.0,22100.0,1.0,22000.0,1.0,21900.0,1.0,21800.0,1,21700.0,1.0,21600.0,1.0,21500.0,1.0,21400.0,0.71,21300.0,1.0,21200.0,1.0,22200.0,1.0,22300.0,1.0,22400.0,1.0,22500.0,1.0,22600.0,1.0,22700.0,1.0,22800.0,1.0,22900.0,1.0,23000.0,1.0,23100.0,1.0
000629.SZ,2020-08-12,09:34:58,22200.0,0.0,0.0,22100.0,1.0,22000.0,1.0,21900.0,1.0,21800.0,1,21700.0,1.0,21600.0,1.0,21500.0,1.0,21400.0,0.71,21300.0,1.0,21200.0,1.0,22200.0,1.0,22300.0,1.0,22400.0,1.0,22500.0,1.0,22600.0,1.0,22700.0,1.0,22800.0,1.0,22900.0,1.0,23000.0,1.0,23100.0,1.0
000629.SZ,2020-08-12,09:34:59,22200.0,0.0,0.0,22100.0,1.0,22000.0,1.0,21900.0,1.0,21800.0,1,21700.0,1.0,21600.0,1.0,21500.0,1.0,21400.0,0.71,21300.0,1.0,21200.0,1.0,22200.0,1.0,22300.0,1.0,22400.0,1.0,22500.0,1.0,22600.0,1.0,22700.0,1.0,22800.0,1.0,22900.0,1.0,23000.0,1.0,23100.0,1.0
000629.SZ,2020-08-12,09:35:00,22200.0,0.0,0.0,22100.0,1.0,22000.0,1.0,21900.0,1.0,21800.0,1,21700.0,1.0,21600.0,1.0,21500.0,1.0,21400.0,0.71,21300.0,1.0,21200.0,1.0,22200.0,1.0,22300.0,1.0,22400.0,1.0,22500.0,1.0,22600.0,1.0,22700.0,1.0,22800.0,1.0,22900.0,1.0,23000.0,1.0,23100.0,1.0
000629.SZ,2020-08-12,09:35:01,22200.0,20800.0,459680000.0,22100.0,1.0,22000.0,1.0,21900.0,1.0,21800.0,1,21700.0,1.0,21600.0,1.0,21500.0,1.0,21400.0,0.71,21300.0,1.0,21200.0,1.0,22200.0,1.0,22300.0,1.0,22400.0,1.0,22500.0,1.0,22600.0,1.0,22700.0,1.0,22800.0,1.0,22900.0,1.0,23000.0,1.0,23100.0,1.0
000629.SZ,2020-08-12,09:35:02,22100.0,0.0,0.0,22100.0,1.0,22000.0,1.0,21900.0,1.0,21800.0,1,21700.0,1.0,21600.0,1.0,21500.0,1.0,21400.0,0.71,21300.0,1.0,21200.0,1.0,22200.0,1.0,22300.0,1.0,22400.0,1.0,22500.0,1.0,22600.0,1.0,22700.0,1.0,22800.0,1.0,22900.0,1.0,23000.0,1.0,23100.0,1.0
000629.SZ,2020-08-12,09:35:03,22100.0,0.0,0.0,22100.0,1.0,22000.0,1.0,21900.0,1.0,21800.0,1,21700.0,1.0,21600.0,1.0,21500.0,1.0,21400.0,0.71,21300.0,1.0,21200.0,1.0,22200.0,1.0,22300.0,1.0,22400.0,1.0,22500.0,1.0,22600.0,1.0,22700.0,1.0,22800.0,1.0,22900.0,1.0,23000.0,1.0,23100.0,1.0
000629.SZ,2020-08-12,09:35:04,22100.0,0.0,0.0,22100.0,1.0,22000.0,1.0,21900.0,1.0,21800.0,1,21700.0,1.0,21600.0,1.0,21500.0,1.0,21400.0,0.71,21300.0,1.0,21200.0,1.0,22200.0,1.0,22300.0,1.0,22400.0,1.0,22500.0,1.0,22600.0,1.0,22700.0,1.0,22800.0,1.0,22900.0,1.0,23000.0,1.0,23100.0,1.0
000629.SZ,2020-08-12,09:35:05,22100.0,1000.0,22200000.0,22100.0,1.0,22000.0,1.0,21900.0,1.0,21800.0,1,21700.0,1.0,21600.0,1.0,21500.0,1.0,21400.0,0.71,21300.0,1.0,21200.0,1.0,22200.0,1.0,22300.0,1.0,22400.0,1.0,22500.0,1.0,22600.0,1.0,22700.0,1.0,22800.0,1.0,22900.0,1.0,23000.0,1.0,23100.0,1.0
000629.SZ,2020-08-12,09:35:06,22200.0,0.0,0.0,22100.0,1.0,22000.0,1.0,21900.0,1.0,21800.0,1,21700.0,1.0,21600.0,1.0,21500.0,1.0,21400.0,0.71,21300.0,1.0,21200.0,1.0,22200.0,1.0,22300.0,1.0,22400.0,1.0,22500.0,1.0,22600.0,1.0,22700.0,1.0,22800.0,1.0,22900.0,1.0,23000.0,1.0,23100.0,1.0
000629.SZ,2020-08-12,09:35:07,22200.0,2500.0,55250000.0,22100.0,1.0,22000.0,1.0,21900.0,1.0,21800.0,1,21700.0,1.0,21600.0,1.0,21500.0,1.0,21400.0,0.71,21300.0,1.0,21200.0,1.0,22200.0,1.0,22300.0,1.0,22400.0,1.0,22500.0,1.0,22600.0,1.0,22700.0,1.0,22800.0,1.0,22900.0,1.0,23000.0,1.0,23100.0,1.0
000629.SZ,2020-08-12,09:35:08,22100.0,11000.0,243100000.0,22100.0,1.0,22000.0,1.0,21900.0,1.0,21800.0,1,21700.0,1.0,21600.0,1.0,21500.0,1.0,21400.0,0.71,21300.0,1.0,21200.0,1.0,22200.0,1.0,22300.0,1.0,22400.0,1.0,22500.0,1.0,22600.0,1.0,22700.0,1.0,22800.0,1.0,22900.0,1.0,23000.0,1.0,23100.0,1.0
000629.SZ,2020-08-12,09:35:09,22100.0,0.0,0.0,22100.0,1.0,22000.0,1.0,21900.0,1.0,21800.0,1,21700.0,1.0,21600.0,1.0,21500.0,1.0,21400.0,0.71,21300.0,1.0,21200.0,1.0,22200.0,1.0,22300.0,1.0,22400.0,1.0,22500.0,1.0,22600.0,1.0,22700.0,1.0,22800.0,1.0,22900.0,1.0,23000.0,1.0,23100.0,1.0
000629.SZ,2020-08-12,09:35:10,22100.0,1500.0,33210000.0,22100.0,1.0,22000.0,1.0,21900.0,1.0,21800.0,1,21700.0,1.0,21600.0,1.0,21500.0,1.0,21400.0,0.71,21300.0,1.0,21200.0,1.0,22200.0,1.0,22300.0,1.0,22400.0,1.0,22500.0,1.0,22600.0,1.0,22700.0,1.0,22800.0,1.0,22900.0,1.0,23000.0,1.0,23100.0,1.0
000629.SZ,2020-08-12,09:35:11,22200.0,2300.0,51027800.0,22100.0,1.0,22000.0,1.0,21900.0,1.0,21800.0,1,21700.0,1.0,21600.0,1.0,21500.0,1.0,21400.0,0.71,21300.0,1.0,21200.0,1.0,22200.0,1.0,22300.0,1.0,22400.0,1.0,22500.0,1.0,22600.0,1.0,22700.0,1.0,22800.0,1.0,22900.0,1.0,23000.0,1.0,23100.0,1.0
000629.SZ,2020-08-12,09:35:12,22200.0,100.0,2220000.0,22100.0,1.0,22000.0,1.0,21900.0,1.0,21800.0,1,21700.0,1.0,21600.0,1.0,21500.0,1.0,21400.0,0.71,21300.0,1.0,21200.0,1.0,22200.0,1.0,22300.0,1.0,22400.0,1.0,22500.0,1.0,22600.0,1.0,22700.0,1.0,22800.0,1.0,22900.0,1.0,23000.0,1.0,23100.0,1.0
000629.SZ,2020-08-12,09:35:13,22200.0,200.0,4420000.0,22100.0,1.0,22000.0,1.0,21900.0,1.0,21800.0,1,21700.0,1.0,21600.0,1.0,21500.0,1.0,21400.0,0.71,21300.0,1.0,21200.0,1.0,22200.0,1.0,22300.0,1.0,22400.0,1.0,22500.0,1.0,22600.0,1.0,22700.0,1.0,22800.0,1.0,22900.0,1.0,23000.0,1.0,23100.0,1.0
000629.SZ,2020-08-12,09:35:14,22100.0,0.0,0.0,22100.0,1.0,22000.0,1.0,21900.0,1.0,21800.0,1,21700.0,1.0,21600.0,1.0,21500.0,1.0,21400.0,0.71,21300.0,1.0,21200.0,1.0,22200.0,1.0,22300.0,1.0,22400.0,1.0,22500.0,1.0,22600.0,1.0,22700.0,1.0,22800.0,1.0,22900.0,1.0,23000.0,1.0,23100.0,1.0
000629.SZ,2020-08-12,09:35:15,22100.0,31200.0,689520000.0,22100.0,1.0,22000.0,1.0,21900.0,1.0,21800.0,1,21700.0,1.0,21600.0,1.0,21500.0,1.0,21400.0,0.71,21300.0,1.0,21200.0,1.0,22200.0,1.0,22300.0,1.0,22400.0,1.0,22500.0,1.0,22600.0,1.0,22700.0,1.0,22800.0,1.0,22900.0,1.0,23000.0,1.0,23100.0,1.0
000629.SZ,2020-08-12,09:35:16,22100.0,33300.0,735930000.0,22100.0,1.0,22000.0,1.0,21900.0,1.0,21800.0,1,21700.0,1.0,21600.0,1.0,21500.0,1.0,21400.0,0.71,21300.0,1.0,21200.0,1.0,22200.0,1.0,22300.0,1.0,22400.0,1.0,22500.0,1.0,22600.0,1.0,22700.0,1.0,22800.0,1.0,22900.0,1.0,23000.0,1.0,23100.0,1.0
000629.SZ,2020-08-12,09:35:17,22100.0,0.0,0.0,22100.0,1.0,22000.0,1.0,21900.0,1.0,21800.0,1,21700.0,1.0,21600.0,1.0,21500.0,1.0,21400.0,0.71,21300.0,1.0,21200.0,1.0,22200.0,1.0,22300.0,1.0,22400.0,1.0,22500.0,1.0,22600.0,1.0,22700.0,1.0,22800.0,1.0,22900.0,1.0,23000.0,1.0,23100.0,1.0
000629.SZ,2020-08-12,09:35:18,22100.0,0.0,0.0,22100.0,1.0,22000.0,1.0,21900.0,1.0,21800.0,1,21700.0,1.0,21600.0,1.0,21500.0,1.0,21400.0,0.71,21300.0,1.0,21200.0,1.0,22200.0,1.0,22300.0,1.0,22400.0,1.0,22500.0,1.0,22600.0,1.0,22700.0,1.0,22800.0,1.0,22900.0,1.0,23000.0,1.0,23100.0,1.0
000629.SZ,2020-08-12,09:35:19,22100.0,3000.0,66300000.0,22100.0,1.0,22000.0,1.0,21900.0,1.0,21800.0,1,21700.0,1.0,21600.0,1.0,21500.0,1.0,21400.0,0.71,21300.0,1.0,21200.0,1.0,22200.0,1.0,22300.0,1.0,22400.0,1.0,22500.0,1.0,22600.0,1.0,22700.0,1.0,22800.0,1.0,22900.0,1.0,23000.0,1.0,23100.0,1.0
000629.SZ,2020-08-12,09:35:20,22100.0,400.0,8840000.0,22100.0,1.0,22000.0,1.0,21900.0,1.0,21800.0,1,21700.0,1.0,21600.0,1.0,21500.0,1.0,21400.0,0.71,21300.0,1.0,21200.0,1.0,22200.0,1.0,22300.0,1.0,22400.0,1.0,22500.0,1.0,22600.0,1.0,22700.0,1.0,22800.0,1.0,22900.0,1.0,23000.0,1.0,23100.0,1.0
000629.SZ,2020-08-12,09:35:21,22100.0,0.0,0.0,22100.0,1.0,22000.0,1.0,21900.0,1.0,21800.0,1,21700.0,1.0,21600.0,1.0,21500.0,1.0,21400.0,0.71,21300.0,1.0,21200.0,1.0,22200.0,1.0,22300.0,1.0,22400.0,1.0,22500.0,1.0,22600.0,1.0,22700.0,1.0,22800.0,1.0,22900.0,1.0,23000.0,1.0,23100.0,1.0
000629.SZ,2020-08-12,09:35:22,22100.0,600.0,13260000.0,22100.0,1.0,22000.0,1.0,21900.0,1.0,21800.0,1,21700.0,1.0,21600.0,1.0,21500.0,1.0,21400.0,0.71,21300.0,1.0,21200.0,1.0,22200.0,1.0,22300.0,1.0,22400.0,1.0,22500.0,1.0,22600.0,1.0,22700.0,1.0,22800.0,1.0,22900.0,1.0,23000.0,1.0,23100.0,1.0
000629.SZ,2020-08-12,09:35:23,22100.0,10000.0,221000000.0,22100.0,1.0,22000.0,1.0,21900.0,1.0,21800.0,1,21700.0,1.0,21600.0,1.0,21500.0,1.0,21400.0,0.71,21300.0,1.0,21200.0,1.0,22200.0,1.0,22300.0,1.0,22400.0,1.0,22500.0,1.0,22600.0,1.0,22700.0,1.0,22800.0,1.0,22900.0,1.0,23000.0,1.0,23100.0,1.0
000629.SZ,2020-08-12,09:35:24,22100.0,0.0,0.0,22100.0,1.0,22000.0,1.0,21900.0,1.0,21800.0,1,21700.0,1.0,21600.0,1.0,21500.0,1.0,21400.0,0.71,21300.0,1.0,21200.0,1.0,22200.0,1.0,22300.0,1.0,22400.0,1.0,22500.0,1.0,22600.0,1.0,22700.0,1.0,22800.0,1.0,22900.0,1.0,23000.0,1.0,23100.0,1.0
000629.SZ,2020-08-12,09:35:25,22100.0,700.0,15470000.0,22100.0,1.0,22000.0,1.0,21900.0,1.0,21800.0,1,21700.0,1.0,21600.0,1.0,21500.0,1.0,21400.0,0.71,21300.0,1.0,21200.0,1.0,22200.0,1.0,22300.0,1.0,22400.0,1.0,22500.0,1.0,22600.0,1.0,22700.0,1.0,22800.0,1.0,22900.0,1.0,23000.0,1.0,23100.0,1.0
000629.SZ,2020-08-12,09:35:26,22100.0,100.0,2210000.0,22100.0,1.0,22000.0,1.0,21900.0,1.0,21800.0,1,21700.0,1.0,21600.0,1.0,21500.0,1.0,21400.0,0.71,21300.0,1.0,21200.0,1.0,22200.0,1.0,22300.0,1.0,22400.0,1.0,22500.0,1.0,22600.0,1.0,22700.0,1.0,22800.0,1.0,22900.0,1.0,23000.0,1.0,23100.0,1.0
000629.SZ,2020-08-12,09:35:27,22100.0,0.0,0.0,22100.0,1.0,22000.0,1.0,21900.0,1.0,21800.0,1,21700.0,1.0,21600.0,1.0,21500.0,1.0,21400.0,0.71,21300.0,1.0,21200.0,1.0,22200.0,1.0,22300.0,1.0,22400.0,1.0,22500.0,1.0,22600.0,1.0,22700.0,1.0,22800.0,1.0,22900.0,1.0,23000.0,1.0,23100.0,1.0
000629.SZ,2020-08-12,09:35:28,22100.0,0.0,0.0,22100.0,1.0,22000.0,1.0,21900.0,1.0,21800.0,1,21700.0,1.0,21600.0,1.0,21500.0,1.0,21400.0,0.71,21300.0,1.0,21200.0,1.0,22200.0,1.0,22300.0,1.0,22400.0,1.0,22500.0,1.0,22600.0,1.0,22700.0,1.0,22800.0,1.0,22900.0,1.0,23000.0,1.0,23100.0,1.0
000629.SZ,2020-08-12,09:35:29,22100.0,200.0,4420000.0,22100.0,1.0,22000.0,1.0,21900.0,1.0,21800.0,1,21700.0,1.0,21600.0,1.0,21500.0,1.0,21400.0,0.71,21300.0,1.0,21200.0,1.0,22200.0,1.0,22300.0,1.0,22400.0,1.0,22500.0,1.0,22600.0,1.0,22700.0,1.0,22800.0,1.0,22900.0,1.0,23000.0,1.0,23100.0,1.0
000629.SZ,2020-08-12,09:35:30,22100.0,0.0,0.0,22100.0,1.0,22000.0,1.0,21900.0,1.0,21800.0,1,21700.0,1.0,21600.0,1.0,21500.0,1.0,21400.0,0.71,21300.0,1.0,21200.0,1.0,22200.0,1.0,22300.0,1.0,22400.0,1.0,22500.0,1.0,22600.0,1.0,22700.0,1.0,22800.0,1.0,22900.0,1.0,23000.0,1.0,23100.0,1.0
000629.SZ,2020-08-12,09:35:31,22100.0,60000.0,1326000000.0,22100.0,1.0,22000.0,1.0,21900.0,1.0,21800.0,1,21700.0,1.0,21600.0,1.0,21500.0,1.0,21400.0,0.71,21300.0,1.0,21200.0,1.0,22200.0,1.0,22300.0,1.0,22400.0,1.0,22500.0,1.0,22600.0,1.0,22700.0,1.0,22800.0,1.0,22900.0,1.0,23000.0,1.0,23100.0,1.0
000629.SZ,2020-08-12,09:35:32,22100.0,0.0,0.0,22100.0,1.0,22000.0,1.0,21900.0,1.0,21800.0,1,21700.0,1.0,21600.0,1.0,21500.0,1.0,21400.0,0.71,21300.0,1.0,21200.0,1.0,22200.0,1.0,22300.0,1.0,22400.0,1.0,22500.0,1.0,22600.0,1.0,22700.0,1.0,22800.0,1.0,22900.0,1.0,23000.0,1.0,23100.0,1.0
000629.SZ,2020-08-12,09:35:33,22100.0,0.0,0.0,22100.0,1.0,22000.0,1.0,21900.0,1.0,21800.0,1,21700.0,1.0,21600.0,1.0,21500.0,1.0,21400.0,0.71,21300.0,1.0,21200.0,1.0,22200.0,1.0,22300.0,1.0,22400.0,1.0,22500.0,1.0,22600.0,1.0,22700.0,1.0,22800.0,1.0,22900.0,1.0,23000.0,1.0,23100.0,1.0
000629.SZ,2020-08-12,09:35:34,22100.0,5000.0,111000000.0,22100.0,1.0,22000.0,1.0,21900.0,1.0,21800.0,1,21700.0,1.0,21600.0,1.0,21500.0,1.0,21400.0,0.71,21300.0,1.0,21200.0,1.0,22200.0,1.0,22300.0,1.0,22400.0,1.0,22500.0,1.0,22600.0,1.0,22700.0,1.0,22800.0,1.0,22900.0,1.0,23000.0,1.0,23100.0,1.0
000629.SZ,2020-08-12,09:35:35,22200.0,200.0,4420000.0,22100.0,1.0,22000.0,1.0,21900.0,1.0,21800.0,1,21700.0,1.0,21600.0,1.0,21500.0,1.0,21400.0,0.71,21300.0,1.0,21200.0,1.0,22200.0,1.0,22300.0,1.0,22400.0,1.0,22500.0,1.0,22600.0,1.0,22700.0,1.0,22800.0,1.0,22900.0,1.0,23000.0,1.0,23100.0,1.0
000629.SZ,2020-08-12,09:35:36,22100.0,700.0,15470000.0,22100.0,1.0,22000.0,1.0,21900.0,1.0,21800.0,1,21700.0,1.0,21600.0,1.0,21500.0,1.0,21400.0,0.71,21300.0,1.0,21200.0,1.0,22200.0,1.0,22300.0,1.0,22400.0,1.0,22500.0,1.0,22600.0,1.0,22700.0,1.0,22800.0,1.0,22900.0,1.0,23000.0,1.0,23100.0,1.0
000629.SZ,2020-08-12,09:35:37,22100.0,3400.0,75140000.0,22100.0,1.0,22000.0,1.0,21900.0,1.0,21800.0,1,21700.0,1.0,21600.0,1.0,21500.0,1.0,21400.0,0.71,21300.0,1.0,21200.0,1.0,22200.0,1.0,22300.0,1.0,22400.0,1.0,22500.0,1.0,22600.0,1.0,22700.0,1.0,22800.0,1.0,22900.0,1.0,23000.0,1.0,23100.0,1.0
000629.SZ,2020-08-12,09:35:38,22100.0,5000.0,111000000.0,22100.0,1.0,22000.0,1.0,21900.0,1.0,21800.0,1,21700.0,1.0,21600.0,1.0,21500.0,1.0,21400.0,0.71,21300.0,1.0,21200.0,1.0,22200.0,1.0,22300.0,1.0,22400.0,1.0,22500.0,1.0,22600.0,1.0,22700.0,1.0,22800.0,1.0,22900.0,1.0,23000.0,1.0,23100.0,1.0
000629.SZ,2020-08-12,09:35:39,22200.0,100.0,2210000.0,22100.0,1.0,22000.0,1.0,21900.0,1.0,21800.0,1,21700.0,1.0,21600.0,1.0,21500.0,1.0,21400.0,0.71,21300.0,1.0,21200.0,1.0,22200.0,1.0,22300.0,1.0,22400.0,1.0,22500.0,1.0,22600.0,1.0,22700.0,1.0,22800.0,1.0,22900.0,1.0,23000.0,1.0,23100.0,1.0
000629.SZ,2020-08-12,09:35:40,22100.0,0.0,0.0,22100.0,1.0,22000.0,1.0,21900.0,1.0,21800.0,1,21700.0,1.0,21600.0,1.0,21500.0,1.0,21400.0,0.71,21300.0,1.0,21200.0,1.0,22200.0,1.0,22300.0,1.0,22400.0,1.0,22500.0,1.0,22600.0,1.0,22700.0,1.0,22800.0,1.0,22900.0,1.0,23000.0,1.0,23100.0,1.0
