StockCode,DataDate,UpdateTime,LastPrice,Volume,turnover,BidPrice1,BidVolume1,BidPrice2,BidVolume2,BidPrice3,BidVolume3,BidPrice4,BidVolume4,BidPrice5,BidVolume5,BidPrice6,BidVolume6,BidPrice7,BidVolume7,BidPrice8,BidVolume8,BidPrice9,BidVolume9,BidPrice10,BidVolume10,AskPrice1,AskVolume1,AskPrice2,AskVolume2,AskPrice3,AskVolume3,AskPrice4,AskVolume4,AskPrice5,AskVolume5,AskPrice6,AskVolume6,AskPrice7,AskVolume7,AskPrice8,AskVolume8,AskPrice9,AskVolume9,AskPrice10,AskVolume10
000629.SZ,2020-08-06,09:30:01,22800.0,98800.0,2253134000.0,22800.0,1.0,22700.0,1.0,22600.0,1.0,22500.0,1,22400.0,1.0,22300.0,1.0,22200.0,1.0,22100.0,1.0,22000.0,1.0,21900.0,0.07,22900.0,1.0,23000.0,1.0,23100.0,1.0,23200.0,1.0,23300.0,1.0,23400.0,1.0,23500.0,1.0,23600.0,1.0,23700.0,1.0,23800.0,1.0
000629.SZ,2020-08-06,09:30:02,22800.0,791500.0,18113477500.0,22900.0,1.0,22800.0,1.0,22700.0,1.0,22600.0,1,22500.0,1.0,22400.0,1.0,22300.0,1.0,22200.0,1.0,22100.0,1.0,22000.0,1.0,23000.0,1.0,23100.0,1.0,23200.0,1.0,23300.0,1.0,23400.0,1.0,23500.0,1.0,23600.0,1.0,23700.0,1.0,23800.0,1.0,23900.0,1.0
000629.SZ,2020-08-06,09:30:03,22900.0,0.0,0.0,22900.0,1.0,22800.0,1.0,22700.0,1.0,22600.0,1,22500.0,1.0,22400.0,1.0,22300.0,1.0,22200.0,1.0,22100.0,1.0,22000.0,1.0,23000.0,1.0,23100.0,1.0,23200.0,1.0,23300.0,1.0,23400.0,1.0,23500.0,1.0,23600.0,1.0,23700.0,1.0,23800.0,1.0,23900.0,1.0
000629.SZ,2020-08-06,09:30:04,22900.0,0.0,0.0,22900.0,1.0,22800.0,1.0,22700.0,1.0,22600.0,1,22500.0,1.0,22400.0,1.0,22300.0,1.0,22200.0,1.0,22100.0,1.0,22000.0,1.0,23000.0,1.0,23100.0,1.0,23200.0,1.0,23300.0,1.0,23400.0,1.0,23500.0,1.0,23600.0,1.0,23700.0,1.0,23800.0,1.0,23900.0,1.0
000629.SZ,2020-08-06,09:30:05,22900.0,0.0,0.0,22900.0,1.0,22800.0,1.0,22700.0,1.0,22600.0,1,22500.0,1.0,22400.0,1.0,22300.0,1.0,22200.0,1.0,22100.0,1.0,22000.0,1.0,23000.0,1.0,23100.0,1.0,23200.0,1.0,23300.0,1.0,23400.0,1.0,23500.0,1.0,23600.0,1.0,23700.0,1.0,23800.0,1.0,23900.0,1.0
000629.SZ,2020-08-06,09:30:06,22900.0,0.0,0.0,22900.0,1.0,22800.0,1.0,22700.0,1.0,22600.0,1,22500.0,1.0,22400.0,1.0,22300.0,1.0,22200.0,1.0,22100.0,1.0,22000.0,1.0,23000.0,1.0,23100.0,1.0,23200.0,1.0,23300.0,1.0,23400.0,1.0,23500.0,1.0,23600.0,1.0,23700.0,1.0,23800.0,1.0,23900.0,1.0
000629.SZ,2020-08-06,09:30:07,22900.0,0.0,0.0,22900.0,1.0,22800.0,1.0,22700.0,1.0,22600.0,1,22500.0,1.0,22400.0,1.0,22300.0,1.0,22200.0,1.0,22100.0,1.0,22000.0,1.0,23000.0,1.0,23100.0,1.0,23200.0,1.0,23300.0,1.0,23400.0,1.0,23500.0,1.0,23600.0,1.0,23700.0,1.0,23800.0,1.0,23900.0,1.0
000629.SZ,2020-08-06,09:30:08,22900.0,0.0,0.0,22900.0,1.0,22800.0,1.0,22700.0,1.0,22600.0,1,22500.0,1.0,22400.0,1.0,22300.0,1.0,22200.0,1.0,22100.0,1.0,22000.0,1.0,23000.0,1.0,23100.0,1.0,23200.0,1.0,23300.0,1.0,23400.0,1.0,23500.0,1.0,23600.0,1.0,23700.0,1.0,23800.0,1.0,23900.0,1.0
000629.SZ,2020-08-06,09:30:09,22900.0,0.0,0.0,22900.0,1.0,22800.0,1.0,22700.0,1.0,22600.0,1,22500.0,1.0,22400.0,1.0,22300.0,1.0,22200.0,1.0,22100.0,1.0,22000.0,1.0,23000.0,1.0,23100.0,1.0,23200.0,1.0,23300.0,1.0,23400.0,1.0,23500.0,1.0,23600.0,1.0,23700.0,1.0,23800.0,1.0,23900.0,1.0
000629.SZ,2020-08-06,09:30:10,22900.0,0.0,0.0,22900.0,1.0,22800.0,1.0,22700.0,1.0,22600.0,1,22500.0,1.0,22400.0,1.0,22300.0,1.0,22200.0,1.0,22100.0,1.0,22000.0,1.0,23000.0,1.0,23100.0,1.0,23200.0,1.0,23300.0,1.0,23400.0,1.0,23500.0,1.0,23600.0,1.0,23700.0,1.0,23800.0,1.0,23900.0,1.0
000629.SZ,2020-08-06,09:30:11,22900.0,0.0,0.0,22900.0,1.0,22800.0,1.0,22700.0,1.0,22600.0,1,22500.0,1.0,22400.0,1.0,22300.0,1.0,22200.0,1.0,22100.0,1.0,22000.0,1.0,23000.0,1.0,23100.0,1.0,23200.0,1.0,23300.0,1.0,23400.0,1.0,23500.0,1.0,23600.0,1.0,23700.0,1.0,23800.0,1.0,23900.0,1.0
000629.SZ,2020-08-06,09:30:12,22900.0,100.0,2290000.0,22900.0,1.0,22800.0,1.0,22700.0,1.0,22600.0,1,22500.0,1.0,22400.0,1.0,22300.0,1.0,22200.0,1.0,22100.0,1.0,22000.0,1.0,23000.0,1.0,23100.0,1.0,23200.0,1.0,23300.0,1.0,23400.0,1.0,23500.0,1.0,23600.0,1.0,23700.0,1.0,23800.0,1.0,23900.0,1.0
000629.SZ,2020-08-06,09:30:13,22900.0,1300.0,29770000.0,22900.0,1.0,22800.0,1.0,22700.0,1.0,22600.0,1,22500.0,1.0,22400.0,1.0,22300.0,1.0,22200.0,1.0,22100.0,1.0,22000.0,1.0,23000.0,1.0,23100.0,1.0,23200.0,1.0,23300.0,1.0,23400.0,1.0,23500.0,1.0,23600.0,1.0,23700.0,1.0,23800.0,1.0,23900.0,1.0
000629.SZ,2020-08-06,09:30:14,22900.0,19100.0,437390000.0,22900.0,1.0,22800.0,1.0,22700.0,1.0,22600.0,1,22500.0,1.0,22400.0,1.0,22300.0,1.0,22200.0,1.0,22100.0,1.0,22000.0,1.0,23000.0,1.0,23100.0,1.0,23200.0,1.0,23300.0,1.0,23400.0,1.0,23500.0,1.0,23600.0,1.0,23700.0,1.0,23800.0,1.0,23900.0,1.0
000629.SZ,2020-08-06,09:30:15,22900.0,200.0,4580000.0,22900.0,1.0,22800.0,1.0,22700.0,1.0,22600.0,1,22500.0,1.0,22400.0,1.0,22300.0,1.0,22200.0,1.0,22100.0,1.0,22000.0,1.0,23000.0,1.0,23100.0,1.0,23200.0,1.0,23300.0,1.0,23400.0,1.0,23500.0,1.0,23600.0,1.0,23700.0,1.0,23800.0,1.0,23900.0,1.0
000629.SZ,2020-08-06,09:30:16,22900.0,900.0,20610000.0,22900.0,1.0,22800.0,1.0,22700.0,1.0,22600.0,1,22500.0,1.0,22400.0,1.0,22300.0,1.0,22200.0,1.0,22100.0,1.0,22000.0,1.0,23000.0,1.0,23100.0,1.0,23200.0,1.0,23300.0,1.0,23400.0,1.0,23500.0,1.0,23600.0,1.0,23700.0,1.0,23800.0,1.0,23900.0,1.0
000629.SZ,2020-08-06,09:30:17,22900.0,111300.0,2548770000.0,22900.0,1.0,22800.0,1.0,22700.0,1.0,22600.0,1,22500.0,1.0,22400.0,1.0,22300.0,1.0,22200.0,1.0,22100.0,1.0,22000.0,1.0,23000.0,1.0,23100.0,1.0,23200.0,1.0,23300.0,1.0,23400.0,1.0,23500.0,1.0,23600.0,1.0,23700.0,1.0,23800.0,1.0,23900.0,1.0
000629.SZ,2020-08-06,09:30:18,22900.0,62464.0,1430425600.0,22900.0,1.0,22800.0,1.0,22700.0,1.0,22600.0,1,22500.0,1.0,22400.0,1.0,22300.0,1.0,22200.0,1.0,22100.0,1.0,22000.0,1.0,23000.0,1.0,23100.0,1.0,23200.0,1.0,23300.0,1.0,23400.0,1.0,23500.0,1.0,23600.0,1.0,23700.0,1.0,23800.0,1.0,23900.0,1.0
000629.SZ,2020-08-06,09:30:19,22900.0,3900.0,89310000.0,22900.0,1.0,22800.0,1.0,22700.0,1.0,22600.0,1,22500.0,1.0,22400.0,1.0,22300.0,1.0,22200.0,1.0,22100.0,1.0,22000.0,1.0,23000.0,1.0,23100.0,1.0,23200.0,1.0,23300.0,1.0,23400.0,1.0,23500.0,1.0,23600.0,1.0,23700.0,1.0,23800.0,1.0,23900.0,1.0
000629.SZ,2020-08-06,09:30:20,22900.0,6800.0,155720000.0,22900.0,1.0,22800.0,1.0,22700.0,1.0,22600.0,1,22500.0,1.0,22400.0,1.0,22300.0,1.0,22200.0,1.0,22100.0,1.0,22000.0,1.0,23000.0,1.0,23100.0,1.0,23200.0,1.0,23300.0,1.0,23400.0,1.0,23500.0,1.0,23600.0,1.0,23700.0,1.0,23800.0,1.0,23900.0,1.0
000629.SZ,2020-08-06,09:30:21,22900.0,400.0,9160000.0,22900.0,1.0,22800.0,1.0,22700.0,1.0,22600.0,1,22500.0,1.0,22400.0,1.0,22300.0,1.0,22200.0,1.0,22100.0,1.0,22000.0,1.0,23000.0,1.0,23100.0,1.0,23200.0,1.0,23300.0,1.0,23400.0,1.0,23500.0,1.0,23600.0,1.0,23700.0,1.0,23800.0,1.0,23900.0,1.0
000629.SZ,2020-08-06,09:30:22,22900.0,0.0,0.0,22900.0,1.0,22800.0,1.0,22700.0,1.0,22600.0,1,22500.0,1.0,22400.0,1.0,22300.0,1.0,22200.0,1.0,22100.0,1.0,22000.0,1.0,23000.0,1.0,23100.0,1.0,23200.0,1.0,23300.0,1.0,23400.0,1.0,23500.0,1.0,23600.0,1.0,23700.0,1.0,23800.0,1.0,23900.0,1.0
000629.SZ,2020-08-06,09:30:23,22900.0,700.0,16030000.0,22900.0,1.0,22800.0,1.0,22700.0,1.0,22600.0,1,22500.0,1.0,22400.0,1.0,22300.0,1.0,22200.0,1.0,22100.0,1.0,22000.0,1.0,23000.0,1.0,23100.0,1.0,23200.0,1.0,23300.0,1.0,23400.0,1.0,23500.0,1.0,23600.0,1.0,23700.0,1.0,23800.0,1.0,23900.0,1.0
000629.SZ,2020-08-06,09:30:24,22900.0,0.0,0.0,22900.0,1.0,22800.0,1.0,22700.0,1.0,22600.0,1,22500.0,1.0,22400.0,1.0,22300.0,1.0,22200.0,1.0,22100.0,1.0,22000.0,1.0,23000.0,1.0,23100.0,1.0,23200.0,1.0,23300.0,1.0,23400.0,1.0,23500.0,1.0,23600.0,1.0,23700.0,1.0,23800.0,1.0,23900.0,1.0
000629.SZ,2020-08-06,09:30:25,22900.0,0.0,0.0,22900.0,1.0,22800.0,1.0,22700.0,1.0,22600.0,1,22500.0,1.0,22400.0,1.0,22300.0,1.0,22200.0,1.0,22100.0,1.0,22000.0,1.0,23000.0,1.0,23100.0,1.0,23200.0,1.0,23300.0,1.0,23400.0,1.0,23500.0,1.0,23600.0,1.0,23700.0,1.0,23800.0,1.0,23900.0,1.0
000629.SZ,2020-08-06,09:30:26,22900.0,5000.0,115000000.0,22900.0,1.0,22800.0,1.0,22700.0,1.0,22600.0,1,22500.0,1.0,22400.0,1.0,22300.0,1.0,22200.0,1.0,22100.0,1.0,22000.0,1.0,23000.0,1.0,23100.0,1.0,23200.0,1.0,23300.0,1.0,23400.0,1.0,23500.0,1.0,23600.0,1.0,23700.0,1.0,23800.0,1.0,23900.0,1.0
000629.SZ,2020-08-06,09:30:27,23000.0,73236.0,1676518512.0,22800.0,1.0,22700.0,1.0,22600.0,1.0,22500.0,1,22400.0,1.0,22300.0,1.0,22200.0,1.0,22100.0,1.0,22000.0,1.0,21900.0,0.07,22900.0,0.65,23000.0,1.0,23100.0,1.0,23200.0,1.0,23300.0,1.0,23400.0,1.0,23500.0,1.0,23600.0,1.0,23700.0,1.0,23800.0,1.0
000629.SZ,2020-08-06,09:30:28,22800.0,12300.0,281670000.0,22800.0,1.0,22700.0,1.0,22600.0,1.0,22500.0,1,22400.0,1.0,22300.0,1.0,22200.0,1.0,22100.0,1.0,22000.0,1.0,21900.0,0.07,22900.0,0.54,23000.0,1.0,23100.0,1.0,23200.0,1.0,23300.0,1.0,23400.0,1.0,23500.0,1.0,23600.0,1.0,23700.0,1.0,23800.0,1.0
000629.SZ,2020-08-06,09:30:29,22900.0,6000.0,137400000.0,22800.0,1.0,22700.0,1.0,22600.0,1.0,22500.0,1,22400.0,1.0,22300.0,1.0,22200.0,1.0,22100.0,1.0,22000.0,1.0,21900.0,0.07,22900.0,0.5,23000.0,1.0,23100.0,1.0,23200.0,1.0,23300.0,1.0,23400.0,1.0,23500.0,1.0,23600.0,1.0,23700.0,1.0,23800.0,1.0
000629.SZ,2020-08-06,09:30:30,22900.0,0.0,0.0,22800.0,1.0,22700.0,1.0,22600.0,1.0,22500.0,1,22400.0,1.0,22300.0,1.0,22200.0,1.0,22100.0,1.0,22000.0,1.0,21900.0,0.07,22900.0,0.5,23000.0,1.0,23100.0,1.0,23200.0,1.0,23300.0,1.0,23400.0,1.0,23500.0,1.0,23600.0,1.0,23700.0,1.0,23800.0,1.0
000629.SZ,2020-08-06,09:30:31,22900.0,14400.0,329760000.0,22800.0,1.0,22700.0,1.0,22600.0,1.0,22500.0,1,22400.0,1.0,22300.0,1.0,22200.0,1.0,22100.0,1.0,22000.0,1.0,21900.0,0.07,22900.0,0.41,23000.0,1.0,23100.0,1.0,23200.0,1.0,23300.0,1.0,23400.0,1.0,23500.0,1.0,23600.0,1.0,23700.0,1.0,23800.0,1.0
000629.SZ,2020-08-06,09:30:32,22900.0,21700.0,496930000.0,22800.0,1.0,22700.0,1.0,22600.0,1.0,22500.0,1,22400.0,1.0,22300.0,1.0,22200.0,1.0,22100.0,1.0,22000.0,1.0,21900.0,0.07,22900.0,0.21,23000.0,1.0,23100.0,1.0,23200.0,1.0,23300.0,1.0,23400.0,1.0,23500.0,1.0,23600.0,1.0,23700.0,1.0,23800.0,1.0
000629.SZ,2020-08-06,09:30:33,22900.0,1900.0,43320000.0,22800.0,1.0,22700.0,1.0,22600.0,1.0,22500.0,1,22400.0,1.0,22300.0,1.0,22200.0,1.0,22100.0,1.0,22000.0,1.0,21900.0,0.07,22900.0,0.21,23000.0,1.0,23100.0,1.0,23200.0,1.0,23300.0,1.0,23400.0,1.0,23500.0,1.0,23600.0,1.0,23700.0,1.0,23800.0,1.0
000629.SZ,2020-08-06,09:30:34,22800.0,300.0,6870000.0,22800.0,1.0,22700.0,1.0,22600.0,1.0,22500.0,1,22400.0,1.0,22300.0,1.0,22200.0,1.0,22100.0,1.0,22000.0,1.0,21900.0,0.07,22900.0,0.3,23000.0,1.0,23100.0,1.0,23200.0,1.0,23300.0,1.0,23400.0,1.0,23500.0,1.0,23600.0,1.0,23700.0,1.0,23800.0,1.0
000629.SZ,2020-08-06,09:30:35,22900.0,23000.0,526700000.0,22800.0,1.0,22700.0,1.0,22600.0,1.0,22500.0,1,22400.0,1.0,22300.0,1.0,22200.0,1.0,22100.0,1.0,22000.0,1.0,21900.0,0.07,22900.0,0.09,23000.0,1.0,23100.0,1.0,23200.0,1.0,23300.0,1.0,23400.0,1.0,23500.0,1.0,23600.0,1.0,23700.0,1.0,23800.0,1.0
000629.SZ,2020-08-06,09:30:36,22900.0,4800.0,109920000.0,22800.0,1.0,22700.0,1.0,22600.0,1.0,22500.0,1,22400.0,1.0,22300.0,1.0,22200.0,1.0,22100.0,1.0,22000.0,1.0,21900.0,0.07,22900.0,0.04,23000.0,1.0,23100.0,1.0,23200.0,1.0,23300.0,1.0,23400.0,1.0,23500.0,1.0,23600.0,1.0,23700.0,1.0,23800.0,1.0
000629.SZ,2020-08-06,09:30:37,22900.0,200.0,4580000.0,22800.0,1.0,22700.0,1.0,22600.0,1.0,22500.0,1,22400.0,1.0,22300.0,1.0,22200.0,1.0,22100.0,1.0,22000.0,1.0,21900.0,0.07,22900.0,0.51,23000.0,1.0,23100.0,1.0,23200.0,1.0,23300.0,1.0,23400.0,1.0,23500.0,1.0,23600.0,1.0,23700.0,1.0,23800.0,1.0
000629.SZ,2020-08-06,09:30:38,22900.0,0.0,0.0,22800.0,1.0,22700.0,1.0,22600.0,1.0,22500.0,1,22400.0,1.0,22300.0,1.0,22200.0,1.0,22100.0,1.0,22000.0,1.0,21900.0,0.07,22900.0,0.51,23000.0,1.0,23100.0,1.0,23200.0,1.0,23300.0,1.0,23400.0,1.0,23500.0,1.0,23600.0,1.0,23700.0,1.0,23800.0,1.0
000629.SZ,2020-08-06,09:30:39,22900.0,200.0,4580000.0,22800.0,1.0,22700.0,1.0,22600.0,1.0,22500.0,1,22400.0,1.0,22300.0,1.0,22200.0,1.0,22100.0,1.0,22000.0,1.0,21900.0,0.07,22900.0,0.69,23000.0,1.0,23100.0,1.0,23200.0,1.0,23300.0,1.0,23400.0,1.0,23500.0,1.0,23600.0,1.0,23700.0,1.0,23800.0,1.0
000629.SZ,2020-08-06,09:30:40,22900.0,300.0,6870000.0,22800.0,1.0,22700.0,1.0,22600.0,1.0,22500.0,1,22400.0,1.0,22300.0,1.0,22200.0,1.0,22100.0,1.0,22000.0,1.0,21900.0,0.07,22900.0,0.69,23000.0,1.0,23100.0,1.0,23200.0,1.0,23300.0,1.0,23400.0,1.0,23500.0,1.0,23600.0,1.0,23700.0,1.0,23800.0,1.0
000629.SZ,2020-08-06,09:30:41,22900.0,900.0,20520000.0,22800.0,1.0,22700.0,1.0,22600.0,1.0,22500.0,1,22400.0,1.0,22300.0,1.0,22200.0,1.0,22100.0,1.0,22000.0,1.0,21900.0,0.07,22900.0,0.91,23000.0,1.0,23100.0,1.0,23200.0,1.0,23300.0,1.0,23400.0,1.0,23500.0,1.0,23600.0,1.0,23700.0,1.0,23800.0,1.0
000629.SZ,2020-08-06,09:30:42,22800.0,37800.0,865620000.0,22800.0,1.0,22700.0,1.0,22600.0,1.0,22500.0,1,22400.0,1.0,22300.0,1.0,22200.0,1.0,22100.0,1.0,22000.0,1.0,21900.0,0.07,22900.0,0.56,23000.0,1.0,23100.0,1.0,23200.0,1.0,23300.0,1.0,23400.0,1.0,23500.0,1.0,23600.0,1.0,23700.0,1.0,23800.0,1.0
000629.SZ,2020-08-06,09:30:43,22900.0,15400.0,352151800.0,22800.0,1.0,22700.0,1.0,22600.0,1.0,22500.0,1,22400.0,1.0,22300.0,1.0,22200.0,1.0,22100.0,1.0,22000.0,1.0,21900.0,0.07,22900.0,0.47,23000.0,1.0,23100.0,1.0,23200.0,1.0,23300.0,1.0,23400.0,1.0,23500.0,1.0,23600.0,1.0,23700.0,1.0,23800.0,1.0
000629.SZ,2020-08-06,09:30:44,22900.0,0.0,0.0,22800.0,1.0,22700.0,1.0,22600.0,1.0,22500.0,1,22400.0,1.0,22300.0,1.0,22200.0,1.0,22100.0,1.0,22000.0,1.0,21900.0,0.07,22900.0,0.47,23000.0,1.0,23100.0,1.0,23200.0,1.0,23300.0,1.0,23400.0,1.0,23500.0,1.0,23600.0,1.0,23700.0,1.0,23800.0,1.0
000629.SZ,2020-08-06,09:30:45,22900.0,0.0,0.0,22800.0,1.0,22700.0,1.0,22600.0,1.0,22500.0,1,22400.0,1.0,22300.0,1.0,22200.0,1.0,22100.0,1.0,22000.0,1.0,21900.0,0.07,22900.0,0.47,23000.0,1.0,23100.0,1.0,23200.0,1.0,23300.0,1.0,23400.0,1.0,23500.0,1.0,23600.0,1.0,23700.0,1.0,23800.0,1.0
000629.SZ,2020-08-06,09:30:46,22900.0,31300.0,716770000.0,22800.0,1.0,22700.0,1.0,22600.0,1.0,22500.0,1,22400.0,1.0,22300.0,1.0,22200.0,1.0,22100.0,1.0,22000.0,1.0,21900.0,0.07,22900.0,0.18,23000.0,1.0,23100.0,1.0,23200.0,1.0,23300.0,1.0,23400.0,1.0,23500.0,1.0,23600.0,1.0,23700.0,1.0,23800.0,1.0
000629.SZ,2020-08-06,09:30:47,22900.0,200.0,4580000.0,22800.0,1.0,22700.0,1.0,22600.0,1.0,22500.0,1,22400.0,1.0,22300.0,1.0,22200.0,1.0,22100.0,1.0,22000.0,1.0,21900.0,0.07,22900.0,0.18,23000.0,1.0,23100.0,1.0,23200.0,1.0,23300.0,1.0,23400.0,1.0,23500.0,1.0,23600.0,1.0,23700.0,1.0,23800.0,1.0
000629.SZ,2020-08-06,09:30:48,22900.0,9900.0,226710000.0,22800.0,1.0,22700.0,1.0,22600.0,1.0,22500.0,1,22400.0,1.0,22300.0,1.0,22200.0,1.0,22100.0,1.0,22000.0,1.0,21900.0,0.07,22900.0,0.09,23000.0,1.0,23100.0,1.0,23200.0,1.0,23300.0,1.0,23400.0,1.0,23500.0,1.0,23600.0,1.0,23700.0,1.0,23800.0,1.0
000629.SZ,2020-08-06,09:30:49,22900.0,9764.0,223595600.0,22900.0,0.09,22800.0,1.0,22700.0,1.0,22600.0,1,22500.0,1.0,22400.0,1.0,22300.0,1.0,22200.0,1.0,22100.0,1.0,22000.0,1.0,23000.0,1.0,23100.0,1.0,23200.0,1.0,23300.0,1.0,23400.0,1.0,23500.0,1.0,23600.0,1.0,23700.0,1.0,23800.0,1.0,23900.0,1.0
000629.SZ,2020-08-06,09:30:50,22900.0,100.0,2290000.0,22900.0,0.09,22800.0,1.0,22700.0,1.0,22600.0,1,22500.0,1.0,22400.0,1.0,22300.0,1.0,22200.0,1.0,22100.0,1.0,22000.0,1.0,23000.0,1.0,23100.0,1.0,23200.0,1.0,23300.0,1.0,23400.0,1.0,23500.0,1.0,23600.0,1.0,23700.0,1.0,23800.0,1.0,23900.0,1.0
000629.SZ,2020-08-06,09:30:51,22900.0,600.0,13740000.0,22900.0,0.36,22800.0,1.0,22700.0,1.0,22600.0,1,22500.0,1.0,22400.0,1.0,22300.0,1.0,22200.0,1.0,22100.0,1.0,22000.0,1.0,23000.0,1.0,23100.0,1.0,23200.0,1.0,23300.0,1.0,23400.0,1.0,23500.0,1.0,23600.0,1.0,23700.0,1.0,23800.0,1.0,23900.0,1.0
000629.SZ,2020-08-06,09:30:52,22900.0,39136.0,896214400.0,22800.0,1.0,22700.0,1.0,22600.0,1.0,22500.0,1,22400.0,1.0,22300.0,1.0,22200.0,1.0,22100.0,1.0,22000.0,1.0,21900.0,0.07,22900.0,0.57,23000.0,1.0,23100.0,1.0,23200.0,1.0,23300.0,1.0,23400.0,1.0,23500.0,1.0,23600.0,1.0,23700.0,1.0,23800.0,1.0
000629.SZ,2020-08-06,09:30:53,22900.0,32100.0,735090000.0,22800.0,1.0,22700.0,1.0,22600.0,1.0,22500.0,1,22400.0,1.0,22300.0,1.0,22200.0,1.0,22100.0,1.0,22000.0,1.0,21900.0,0.07,22900.0,0.27,23000.0,1.0,23100.0,1.0,23200.0,1.0,23300.0,1.0,23400.0,1.0,23500.0,1.0,23600.0,1.0,23700.0,1.0,23800.0,1.0
000629.SZ,2020-08-06,09:30:54,22900.0,16900.0,387010000.0,22800.0,1.0,22700.0,1.0,22600.0,1.0,22500.0,1,22400.0,1.0,22300.0,1.0,22200.0,1.0,22100.0,1.0,22000.0,1.0,21900.0,0.07,22900.0,0.12,23000.0,1.0,23100.0,1.0,23200.0,1.0,23300.0,1.0,23400.0,1.0,23500.0,1.0,23600.0,1.0,23700.0,1.0,23800.0,1.0
000629.SZ,2020-08-06,09:30:55,22900.0,0.0,0.0,22800.0,1.0,22700.0,1.0,22600.0,1.0,22500.0,1,22400.0,1.0,22300.0,1.0,22200.0,1.0,22100.0,1.0,22000.0,1.0,21900.0,0.07,22900.0,0.18,23000.0,1.0,23100.0,1.0,23200.0,1.0,23300.0,1.0,23400.0,1.0,23500.0,1.0,23600.0,1.0,23700.0,1.0,23800.0,1.0
000629.SZ,2020-08-06,09:30:56,22900.0,12300.0,281670000.0,22800.0,1.0,22700.0,1.0,22600.0,1.0,22500.0,1,22400.0,1.0,22300.0,1.0,22200.0,1.0,22100.0,1.0,22000.0,1.0,21900.0,0.07,22900.0,0.07,23000.0,1.0,23100.0,1.0,23200.0,1.0,23300.0,1.0,23400.0,1.0,23500.0,1.0,23600.0,1.0,23700.0,1.0,23800.0,1.0
000629.SZ,2020-08-06,09:30:57,22900.0,7364.0,168635600.0,22900.0,0.0,22800.0,1.0,22700.0,1.0,22600.0,1,22500.0,1.0,22400.0,1.0,22300.0,1.0,22200.0,1.0,22100.0,1.0,22000.0,1.0,23000.0,1.0,23100.0,1.0,23200.0,1.0,23300.0,1.0,23400.0,1.0,23500.0,1.0,23600.0,1.0,23700.0,1.0,23800.0,1.0,23900.0,1.0
000629.SZ,2020-08-06,09:30:58,22900.0,0.0,0.0,22900.0,0.02,22800.0,1.0,22700.0,1.0,22600.0,1,22500.0,1.0,22400.0,1.0,22300.0,1.0,22200.0,1.0,22100.0,1.0,22000.0,1.0,23000.0,1.0,23100.0,1.0,23200.0,1.0,23300.0,1.0,23400.0,1.0,23500.0,1.0,23600.0,1.0,23700.0,1.0,23800.0,1.0,23900.0,1.0
000629.SZ,2020-08-06,09:30:59,22900.0,500.0,11500000.0,22900.0,0.04,22800.0,1.0,22700.0,1.0,22600.0,1,22500.0,1.0,22400.0,1.0,22300.0,1.0,22200.0,1.0,22100.0,1.0,22000.0,1.0,23000.0,1.0,23100.0,1.0,23200.0,1.0,23300.0,1.0,23400.0,1.0,23500.0,1.0,23600.0,1.0,23700.0,1.0,23800.0,1.0,23900.0,1.0
000629.SZ,2020-08-06,09:31:00,23000.0,0.0,0.0,22900.0,0.04,22800.0,1.0,22700.0,1.0,22600.0,1,22500.0,1.0,22400.0,1.0,22300.0,1.0,22200.0,1.0,22100.0,1.0,22000.0,1.0,23000.0,1.0,23100.0,1.0,23200.0,1.0,23300.0,1.0,23400.0,1.0,23500.0,1.0,23600.0,1.0,23700.0,1.0,23800.0,1.0,23900.0,1.0
000629.SZ,2020-08-06,09:31:01,23000.0,7000.0,160888000.0,22900.0,0.1,22800.0,1.0,22700.0,1.0,22600.0,1,22500.0,1.0,22400.0,1.0,22300.0,1.0,22200.0,1.0,22100.0,1.0,22000.0,1.0,23000.0,1.0,23100.0,1.0,23200.0,1.0,23300.0,1.0,23400.0,1.0,23500.0,1.0,23600.0,1.0,23700.0,1.0,23800.0,1.0,23900.0,1.0
000629.SZ,2020-08-06,09:31:02,22900.0,33836.0,777145248.0,22800.0,1.0,22700.0,1.0,22600.0,1.0,22500.0,1,22400.0,1.0,22300.0,1.0,22200.0,1.0,22100.0,1.0,22000.0,1.0,21900.0,0.07,22900.0,0.19,23000.0,1.0,23100.0,1.0,23200.0,1.0,23300.0,1.0,23400.0,1.0,23500.0,1.0,23600.0,1.0,23700.0,1.0,23800.0,1.0
000629.SZ,2020-08-06,09:31:03,22900.0,7800.0,178620000.0,22800.0,1.0,22700.0,1.0,22600.0,1.0,22500.0,1,22400.0,1.0,22300.0,1.0,22200.0,1.0,22100.0,1.0,22000.0,1.0,21900.0,0.07,22900.0,0.12,23000.0,1.0,23100.0,1.0,23200.0,1.0,23300.0,1.0,23400.0,1.0,23500.0,1.0,23600.0,1.0,23700.0,1.0,23800.0,1.0
000629.SZ,2020-08-06,09:31:04,22900.0,19864.0,454885600.0,22900.0,0.78,22800.0,1.0,22700.0,1.0,22600.0,1,22500.0,1.0,22400.0,1.0,22300.0,1.0,22200.0,1.0,22100.0,1.0,22000.0,1.0,23000.0,1.0,23100.0,1.0,23200.0,1.0,23300.0,1.0,23400.0,1.0,23500.0,1.0,23600.0,1.0,23700.0,1.0,23800.0,1.0,23900.0,1.0
000629.SZ,2020-08-06,09:31:05,22900.0,0.0,0.0,22900.0,0.78,22800.0,1.0,22700.0,1.0,22600.0,1,22500.0,1.0,22400.0,1.0,22300.0,1.0,22200.0,1.0,22100.0,1.0,22000.0,1.0,23000.0,1.0,23100.0,1.0,23200.0,1.0,23300.0,1.0,23400.0,1.0,23500.0,1.0,23600.0,1.0,23700.0,1.0,23800.0,1.0,23900.0,1.0
000629.SZ,2020-08-06,09:31:06,22900.0,0.0,0.0,22900.0,0.78,22800.0,1.0,22700.0,1.0,22600.0,1,22500.0,1.0,22400.0,1.0,22300.0,1.0,22200.0,1.0,22100.0,1.0,22000.0,1.0,23000.0,1.0,23100.0,1.0,23200.0,1.0,23300.0,1.0,23400.0,1.0,23500.0,1.0,23600.0,1.0,23700.0,1.0,23800.0,1.0,23900.0,1.0
000629.SZ,2020-08-06,09:31:07,22900.0,0.0,0.0,22900.0,0.78,22800.0,1.0,22700.0,1.0,22600.0,1,22500.0,1.0,22400.0,1.0,22300.0,1.0,22200.0,1.0,22100.0,1.0,22000.0,1.0,23000.0,1.0,23100.0,1.0,23200.0,1.0,23300.0,1.0,23400.0,1.0,23500.0,1.0,23600.0,1.0,23700.0,1.0,23800.0,1.0,23900.0,1.0
000629.SZ,2020-08-06,09:31:08,22900.0,0.0,0.0,22900.0,0.78,22800.0,1.0,22700.0,1.0,22600.0,1,22500.0,1.0,22400.0,1.0,22300.0,1.0,22200.0,1.0,22100.0,1.0,22000.0,1.0,23000.0,1.0,23100.0,1.0,23200.0,1.0,23300.0,1.0,23400.0,1.0,23500.0,1.0,23600.0,1.0,23700.0,1.0,23800.0,1.0,23900.0,1.0
000629.SZ,2020-08-06,09:31:09,22900.0,0.0,0.0,22900.0,0.78,22800.0,1.0,22700.0,1.0,22600.0,1,22500.0,1.0,22400.0,1.0,22300.0,1.0,22200.0,1.0,22100.0,1.0,22000.0,1.0,23000.0,1.0,23100.0,1.0,23200.0,1.0,23300.0,1.0,23400.0,1.0,23500.0,1.0,23600.0,1.0,23700.0,1.0,23800.0,1.0,23900.0,1.0
000629.SZ,2020-08-06,09:31:10,22900.0,900.0,20610000.0,22900.0,1.0,22800.0,1.0,22700.0,1.0,22600.0,1,22500.0,1.0,22400.0,1.0,22300.0,1.0,22200.0,1.0,22100.0,1.0,22000.0,1.0,23000.0,1.0,23100.0,1.0,23200.0,1.0,23300.0,1.0,23400.0,1.0,23500.0,1.0,23600.0,1.0,23700.0,1.0,23800.0,1.0,23900.0,1.0
000629.SZ,2020-08-06,09:31:11,22900.0,30000.0,690000000.0,22900.0,1.0,22800.0,1.0,22700.0,1.0,22600.0,1,22500.0,1.0,22400.0,1.0,22300.0,1.0,22200.0,1.0,22100.0,1.0,22000.0,1.0,23000.0,1.0,23100.0,1.0,23200.0,1.0,23300.0,1.0,23400.0,1.0,23500.0,1.0,23600.0,1.0,23700.0,1.0,23800.0,1.0,23900.0,1.0
000629.SZ,2020-08-06,09:31:12,23000.0,0.0,0.0,22900.0,1.0,22800.0,1.0,22700.0,1.0,22600.0,1,22500.0,1.0,22400.0,1.0,22300.0,1.0,22200.0,1.0,22100.0,1.0,22000.0,1.0,23000.0,1.0,23100.0,1.0,23200.0,1.0,23300.0,1.0,23400.0,1.0,23500.0,1.0,23600.0,1.0,23700.0,1.0,23800.0,1.0,23900.0,1.0
000629.SZ,2020-08-06,09:31:13,23000.0,0.0,0.0,22900.0,1.0,22800.0,1.0,22700.0,1.0,22600.0,1,22500.0,1.0,22400.0,1.0,22300.0,1.0,22200.0,1.0,22100.0,1.0,22000.0,1.0,23000.0,1.0,23100.0,1.0,23200.0,1.0,23300.0,1.0,23400.0,1.0,23500.0,1.0,23600.0,1.0,23700.0,1.0,23800.0,1.0,23900.0,1.0
000629.SZ,2020-08-06,09:31:14,23000.0,0.0,0.0,22900.0,1.0,22800.0,1.0,22700.0,1.0,22600.0,1,22500.0,1.0,22400.0,1.0,22300.0,1.0,22200.0,1.0,22100.0,1.0,22000.0,1.0,23000.0,1.0,23100.0,1.0,23200.0,1.0,23300.0,1.0,23400.0,1.0,23500.0,1.0,23600.0,1.0,23700.0,1.0,23800.0,1.0,23900.0,1.0
000629.SZ,2020-08-06,09:31:15,23000.0,0.0,0.0,22900.0,1.0,22800.0,1.0,22700.0,1.0,22600.0,1,22500.0,1.0,22400.0,1.0,22300.0,1.0,22200.0,1.0,22100.0,1.0,22000.0,1.0,23000.0,1.0,23100.0,1.0,23200.0,1.0,23300.0,1.0,23400.0,1.0,23500.0,1.0,23600.0,1.0,23700.0,1.0,23800.0,1.0,23900.0,1.0
000629.SZ,2020-08-06,09:31:16,23000.0,4600.0,105340000.0,22900.0,1.0,22800.0,1.0,22700.0,1.0,22600.0,1,22500.0,1.0,22400.0,1.0,22300.0,1.0,22200.0,1.0,22100.0,1.0,22000.0,1.0,23000.0,1.0,23100.0,1.0,23200.0,1.0,23300.0,1.0,23400.0,1.0,23500.0,1.0,23600.0,1.0,23700.0,1.0,23800.0,1.0,23900.0,1.0
000629.SZ,2020-08-06,09:31:17,22900.0,1000.0,22900000.0,22900.0,1.0,22800.0,1.0,22700.0,1.0,22600.0,1,22500.0,1.0,22400.0,1.0,22300.0,1.0,22200.0,1.0,22100.0,1.0,22000.0,1.0,23000.0,1.0,23100.0,1.0,23200.0,1.0,23300.0,1.0,23400.0,1.0,23500.0,1.0,23600.0,1.0,23700.0,1.0,23800.0,1.0,23900.0,1.0
000629.SZ,2020-08-06,09:31:18,22900.0,0.0,0.0,22900.0,1.0,22800.0,1.0,22700.0,1.0,22600.0,1,22500.0,1.0,22400.0,1.0,22300.0,1.0,22200.0,1.0,22100.0,1.0,22000.0,1.0,23000.0,1.0,23100.0,1.0,23200.0,1.0,23300.0,1.0,23400.0,1.0,23500.0,1.0,23600.0,1.0,23700.0,1.0,23800.0,1.0,23900.0,1.0
000629.SZ,2020-08-06,09:31:19,22900.0,22000.0,506000000.0,22900.0,1.0,22800.0,1.0,22700.0,1.0,22600.0,1,22500.0,1.0,22400.0,1.0,22300.0,1.0,22200.0,1.0,22100.0,1.0,22000.0,1.0,23000.0,1.0,23100.0,1.0,23200.0,1.0,23300.0,1.0,23400.0,1.0,23500.0,1.0,23600.0,1.0,23700.0,1.0,23800.0,1.0,23900.0,1.0
000629.SZ,2020-08-06,09:31:20,23000.0,31400.0,722200000.0,22900.0,1.0,22800.0,1.0,22700.0,1.0,22600.0,1,22500.0,1.0,22400.0,1.0,22300.0,1.0,22200.0,1.0,22100.0,1.0,22000.0,1.0,23000.0,1.0,23100.0,1.0,23200.0,1.0,23300.0,1.0,23400.0,1.0,23500.0,1.0,23600.0,1.0,23700.0,1.0,23800.0,1.0,23900.0,1.0
000629.SZ,2020-08-06,09:31:21,23000.0,8500.0,195500000.0,22900.0,1.0,22800.0,1.0,22700.0,1.0,22600.0,1,22500.0,1.0,22400.0,1.0,22300.0,1.0,22200.0,1.0,22100.0,1.0,22000.0,1.0,23000.0,1.0,23100.0,1.0,23200.0,1.0,23300.0,1.0,23400.0,1.0,23500.0,1.0,23600.0,1.0,23700.0,1.0,23800.0,1.0,23900.0,1.0
000629.SZ,2020-08-06,09:31:22,23000.0,4200.0,96600000.0,22900.0,1.0,22800.0,1.0,22700.0,1.0,22600.0,1,22500.0,1.0,22400.0,1.0,22300.0,1.0,22200.0,1.0,22100.0,1.0,22000.0,1.0,23000.0,1.0,23100.0,1.0,23200.0,1.0,23300.0,1.0,23400.0,1.0,23500.0,1.0,23600.0,1.0,23700.0,1.0,23800.0,1.0,23900.0,1.0
000629.SZ,2020-08-06,09:31:23,23000.0,0.0,0.0,22900.0,1.0,22800.0,1.0,22700.0,1.0,22600.0,1,22500.0,1.0,22400.0,1.0,22300.0,1.0,22200.0,1.0,22100.0,1.0,22000.0,1.0,23000.0,1.0,23100.0,1.0,23200.0,1.0,23300.0,1.0,23400.0,1.0,23500.0,1.0,23600.0,1.0,23700.0,1.0,23800.0,1.0,23900.0,1.0
000629.SZ,2020-08-06,09:31:24,23000.0,44400.0,1021200000.0,22900.0,1.0,22800.0,1.0,22700.0,1.0,22600.0,1,22500.0,1.0,22400.0,1.0,22300.0,1.0,22200.0,1.0,22100.0,1.0,22000.0,1.0,23000.0,1.0,23100.0,1.0,23200.0,1.0,23300.0,1.0,23400.0,1.0,23500.0,1.0,23600.0,1.0,23700.0,1.0,23800.0,1.0,23900.0,1.0
000629.SZ,2020-08-06,09:31:25,23000.0,694500.0,15973500000.0,23000.0,1.0,22900.0,1.0,22800.0,1.0,22700.0,1,22600.0,1.0,22500.0,1.0,22400.0,1.0,22300.0,1.0,22200.0,1.0,22100.0,1.0,23100.0,1.0,23200.0,1.0,23300.0,1.0,23400.0,1.0,23500.0,1.0,23600.0,1.0,23700.0,1.0,23800.0,1.0,23900.0,1.0,24000.0,1.0
000629.SZ,2020-08-06,09:31:26,23000.0,0.0,0.0,23000.0,1.0,22900.0,1.0,22800.0,1.0,22700.0,1,22600.0,1.0,22500.0,1.0,22400.0,1.0,22300.0,1.0,22200.0,1.0,22100.0,1.0,23100.0,1.0,23200.0,1.0,23300.0,1.0,23400.0,1.0,23500.0,1.0,23600.0,1.0,23700.0,1.0,23800.0,1.0,23900.0,1.0,24000.0,1.0
000629.SZ,2020-08-06,09:31:27,23000.0,0.0,0.0,23000.0,1.0,22900.0,1.0,22800.0,1.0,22700.0,1,22600.0,1.0,22500.0,1.0,22400.0,1.0,22300.0,1.0,22200.0,1.0,22100.0,1.0,23100.0,1.0,23200.0,1.0,23300.0,1.0,23400.0,1.0,23500.0,1.0,23600.0,1.0,23700.0,1.0,23800.0,1.0,23900.0,1.0,24000.0,1.0
000629.SZ,2020-08-06,09:31:28,23000.0,0.0,0.0,23000.0,1.0,22900.0,0.38,22800.0,1.0,22700.0,1,22600.0,1.0,22500.0,1.0,22400.0,1.0,22300.0,1.0,22200.0,1.0,22100.0,1.0,23100.0,1.0,23200.0,1.0,23300.0,1.0,23400.0,1.0,23500.0,1.0,23600.0,1.0,23700.0,1.0,23800.0,1.0,23900.0,1.0,24000.0,1.0
000629.SZ,2020-08-06,09:31:29,23000.0,2200.0,50820000.0,23000.0,1.0,22900.0,0.38,22800.0,1.0,22700.0,1,22600.0,1.0,22500.0,1.0,22400.0,1.0,22300.0,1.0,22200.0,1.0,22100.0,1.0,23100.0,1.0,23200.0,1.0,23300.0,1.0,23400.0,1.0,23500.0,1.0,23600.0,1.0,23700.0,1.0,23800.0,1.0,23900.0,1.0,24000.0,1.0
000629.SZ,2020-08-06,09:31:30,23100.0,16000.0,368000000.0,23000.0,1.0,22900.0,0.38,22800.0,1.0,22700.0,1,22600.0,1.0,22500.0,1.0,22400.0,1.0,22300.0,1.0,22200.0,1.0,22100.0,1.0,23100.0,1.0,23200.0,1.0,23300.0,1.0,23400.0,1.0,23500.0,1.0,23600.0,1.0,23700.0,1.0,23800.0,1.0,23900.0,1.0,24000.0,1.0
000629.SZ,2020-08-06,09:31:31,23000.0,11100.0,256410000.0,23000.0,1.0,22900.0,0.38,22800.0,1.0,22700.0,1,22600.0,1.0,22500.0,1.0,22400.0,1.0,22300.0,1.0,22200.0,1.0,22100.0,1.0,23100.0,1.0,23200.0,1.0,23300.0,1.0,23400.0,1.0,23500.0,1.0,23600.0,1.0,23700.0,1.0,23800.0,1.0,23900.0,1.0,24000.0,1.0
000629.SZ,2020-08-06,09:31:32,23100.0,1900.0,43890000.0,23000.0,1.0,22900.0,0.38,22800.0,1.0,22700.0,1,22600.0,1.0,22500.0,1.0,22400.0,1.0,22300.0,1.0,22200.0,1.0,22100.0,1.0,23100.0,1.0,23200.0,1.0,23300.0,1.0,23400.0,1.0,23500.0,1.0,23600.0,1.0,23700.0,1.0,23800.0,1.0,23900.0,1.0,24000.0,1.0
000629.SZ,2020-08-06,09:31:33,23100.0,7400.0,170940000.0,23000.0,1.0,22900.0,0.38,22800.0,1.0,22700.0,1,22600.0,1.0,22500.0,1.0,22400.0,1.0,22300.0,1.0,22200.0,1.0,22100.0,1.0,23100.0,1.0,23200.0,1.0,23300.0,1.0,23400.0,1.0,23500.0,1.0,23600.0,1.0,23700.0,1.0,23800.0,1.0,23900.0,1.0,24000.0,1.0
000629.SZ,2020-08-06,09:31:34,23100.0,35100.0,810494100.0,23000.0,1.0,22900.0,0.38,22800.0,1.0,22700.0,1,22600.0,1.0,22500.0,1.0,22400.0,1.0,22300.0,1.0,22200.0,1.0,22100.0,1.0,23100.0,1.0,23200.0,1.0,23300.0,1.0,23400.0,1.0,23500.0,1.0,23600.0,1.0,23700.0,1.0,23800.0,1.0,23900.0,1.0,24000.0,1.0
000629.SZ,2020-08-06,09:31:35,23100.0,0.0,0.0,23000.0,1.0,22900.0,0.4,22800.0,1.0,22700.0,1,22600.0,1.0,22500.0,1.0,22400.0,1.0,22300.0,1.0,22200.0,1.0,22100.0,1.0,23100.0,1.0,23200.0,1.0,23300.0,1.0,23400.0,1.0,23500.0,1.0,23600.0,1.0,23700.0,1.0,23800.0,1.0,23900.0,1.0,24000.0,1.0
000629.SZ,2020-08-06,09:31:36,23100.0,0.0,0.0,23000.0,1.0,22900.0,0.4,22800.0,1.0,22700.0,1,22600.0,1.0,22500.0,1.0,22400.0,1.0,22300.0,1.0,22200.0,1.0,22100.0,1.0,23100.0,1.0,23200.0,1.0,23300.0,1.0,23400.0,1.0,23500.0,1.0,23600.0,1.0,23700.0,1.0,23800.0,1.0,23900.0,1.0,24000.0,1.0
000629.SZ,2020-08-06,09:31:37,23100.0,0.0,0.0,23000.0,1.0,22900.0,0.4,22800.0,1.0,22700.0,1,22600.0,1.0,22500.0,1.0,22400.0,1.0,22300.0,1.0,22200.0,1.0,22100.0,1.0,23100.0,1.0,23200.0,1.0,23300.0,1.0,23400.0,1.0,23500.0,1.0,23600.0,1.0,23700.0,1.0,23800.0,1.0,23900.0,1.0,24000.0,1.0
000629.SZ,2020-08-06,09:31:38,23100.0,2100.0,48510000.0,23000.0,1.0,22900.0,0.4,22800.0,1.0,22700.0,1,22600.0,1.0,22500.0,1.0,22400.0,1.0,22300.0,1.0,22200.0,1.0,22100.0,1.0,23100.0,1.0,23200.0,1.0,23300.0,1.0,23400.0,1.0,23500.0,1.0,23600.0,1.0,23700.0,1.0,23800.0,1.0,23900.0,1.0,24000.0,1.0
000629.SZ,2020-08-06,09:31:39,23100.0,0.0,0.0,23000.0,1.0,22900.0,0.4,22800.0,1.0,22700.0,1,22600.0,1.0,22500.0,1.0,22400.0,1.0,22300.0,1.0,22200.0,1.0,22100.0,1.0,23100.0,1.0,23200.0,1.0,23300.0,1.0,23400.0,1.0,23500.0,1.0,23600.0,1.0,23700.0,1.0,23800.0,1.0,23900.0,1.0,24000.0,1.0
000629.SZ,2020-08-06,09:31:40,23100.0,118000.0,2724738000.0,23000.0,1.0,22900.0,0.46,22800.0,1.0,22700.0,1,22600.0,1.0,22500.0,1.0,22400.0,1.0,22300.0,1.0,22200.0,1.0,22100.0,1.0,23100.0,1.0,23200.0,1.0,23300.0,1.0,23400.0,1.0,23500.0,1.0,23600.0,1.0,23700.0,1.0,23800.0,1.0,23900.0,1.0,24000.0,1.0
000629.SZ,2020-08-06,09:31:41,23100.0,1700.0,39270000.0,23000.0,1.0,22900.0,0.47,22800.0,1.0,22700.0,1,22600.0,1.0,22500.0,1.0,22400.0,1.0,22300.0,1.0,22200.0,1.0,22100.0,1.0,23100.0,1.0,23200.0,1.0,23300.0,1.0,23400.0,1.0,23500.0,1.0,23600.0,1.0,23700.0,1.0,23800.0,1.0,23900.0,1.0,24000.0,1.0
000629.SZ,2020-08-06,09:31:42,23100.0,0.0,0.0,23000.0,1.0,22900.0,1.0,22800.0,1.0,22700.0,1,22600.0,1.0,22500.0,1.0,22400.0,1.0,22300.0,1.0,22200.0,1.0,22100.0,1.0,23100.0,1.0,23200.0,1.0,23300.0,1.0,23400.0,1.0,23500.0,1.0,23600.0,1.0,23700.0,1.0,23800.0,1.0,23900.0,1.0,24000.0,1.0
000629.SZ,2020-08-06,09:31:43,23100.0,0.0,0.0,23000.0,1.0,22900.0,1.0,22800.0,1.0,22700.0,1,22600.0,1.0,22500.0,1.0,22400.0,1.0,22300.0,1.0,22200.0,1.0,22100.0,1.0,23100.0,1.0,23200.0,1.0,23300.0,1.0,23400.0,1.0,23500.0,1.0,23600.0,1.0,23700.0,1.0,23800.0,1.0,23900.0,1.0,24000.0,1.0
000629.SZ,2020-08-06,09:31:44,23100.0,47000.0,1085700000.0,23000.0,1.0,22900.0,1.0,22800.0,1.0,22700.0,1,22600.0,1.0,22500.0,1.0,22400.0,1.0,22300.0,1.0,22200.0,1.0,22100.0,1.0,23100.0,1.0,23200.0,1.0,23300.0,1.0,23400.0,1.0,23500.0,1.0,23600.0,1.0,23700.0,1.0,23800.0,1.0,23900.0,1.0,24000.0,1.0
000629.SZ,2020-08-06,09:31:45,23100.0,0.0,0.0,23000.0,1.0,22900.0,1.0,22800.0,1.0,22700.0,1,22600.0,1.0,22500.0,1.0,22400.0,1.0,22300.0,1.0,22200.0,1.0,22100.0,1.0,23100.0,1.0,23200.0,1.0,23300.0,1.0,23400.0,1.0,23500.0,1.0,23600.0,1.0,23700.0,1.0,23800.0,1.0,23900.0,1.0,24000.0,1.0
000629.SZ,2020-08-06,09:31:46,23100.0,0.0,0.0,23000.0,1.0,22900.0,1.0,22800.0,1.0,22700.0,1,22600.0,1.0,22500.0,1.0,22400.0,1.0,22300.0,1.0,22200.0,1.0,22100.0,1.0,23100.0,1.0,23200.0,1.0,23300.0,1.0,23400.0,1.0,23500.0,1.0,23600.0,1.0,23700.0,1.0,23800.0,1.0,23900.0,1.0,24000.0,1.0
000629.SZ,2020-08-06,09:31:47,23100.0,4000.0,92000000.0,23000.0,1.0,22900.0,1.0,22800.0,1.0,22700.0,1,22600.0,1.0,22500.0,1.0,22400.0,1.0,22300.0,1.0,22200.0,1.0,22100.0,1.0,23100.0,1.0,23200.0,1.0,23300.0,1.0,23400.0,1.0,23500.0,1.0,23600.0,1.0,23700.0,1.0,23800.0,1.0,23900.0,1.0,24000.0,1.0
000629.SZ,2020-08-06,09:31:48,23000.0,0.0,0.0,23000.0,1.0,22900.0,1.0,22800.0,1.0,22700.0,1,22600.0,1.0,22500.0,1.0,22400.0,1.0,22300.0,1.0,22200.0,1.0,22100.0,1.0,23100.0,1.0,23200.0,1.0,23300.0,1.0,23400.0,1.0,23500.0,1.0,23600.0,1.0,23700.0,1.0,23800.0,1.0,23900.0,1.0,24000.0,1.0
000629.SZ,2020-08-06,09:31:49,23000.0,29400.0,676200000.0,23000.0,1.0,22900.0,1.0,22800.0,1.0,22700.0,1,22600.0,1.0,22500.0,1.0,22400.0,1.0,22300.0,1.0,22200.0,1.0,22100.0,1.0,23100.0,1.0,23200.0,1.0,23300.0,1.0,23400.0,1.0,23500.0,1.0,23600.0,1.0,23700.0,1.0,23800.0,1.0,23900.0,1.0,24000.0,1.0
000629.SZ,2020-08-06,09:31:50,23000.0,0.0,0.0,23000.0,1.0,22900.0,1.0,22800.0,1.0,22700.0,1,22600.0,1.0,22500.0,1.0,22400.0,1.0,22300.0,1.0,22200.0,1.0,22100.0,1.0,23100.0,1.0,23200.0,1.0,23300.0,1.0,23400.0,1.0,23500.0,1.0,23600.0,1.0,23700.0,1.0,23800.0,1.0,23900.0,1.0,24000.0,1.0
000629.SZ,2020-08-06,09:31:51,23000.0,0.0,0.0,23000.0,1.0,22900.0,1.0,22800.0,1.0,22700.0,1,22600.0,1.0,22500.0,1.0,22400.0,1.0,22300.0,1.0,22200.0,1.0,22100.0,1.0,23100.0,1.0,23200.0,1.0,23300.0,1.0,23400.0,1.0,23500.0,1.0,23600.0,1.0,23700.0,1.0,23800.0,1.0,23900.0,1.0,24000.0,1.0
000629.SZ,2020-08-06,09:31:52,23000.0,0.0,0.0,23000.0,1.0,22900.0,1.0,22800.0,1.0,22700.0,1,22600.0,1.0,22500.0,1.0,22400.0,1.0,22300.0,1.0,22200.0,1.0,22100.0,1.0,23100.0,1.0,23200.0,1.0,23300.0,1.0,23400.0,1.0,23500.0,1.0,23600.0,1.0,23700.0,1.0,23800.0,1.0,23900.0,1.0,24000.0,1.0
000629.SZ,2020-08-06,09:31:53,23000.0,34000.0,785400000.0,23000.0,1.0,22900.0,1.0,22800.0,1.0,22700.0,1,22600.0,1.0,22500.0,1.0,22400.0,1.0,22300.0,1.0,22200.0,1.0,22100.0,1.0,23100.0,1.0,23200.0,1.0,23300.0,1.0,23400.0,1.0,23500.0,1.0,23600.0,1.0,23700.0,1.0,23800.0,1.0,23900.0,1.0,24000.0,1.0
000629.SZ,2020-08-06,09:31:54,23100.0,0.0,0.0,23000.0,1.0,22900.0,1.0,22800.0,1.0,22700.0,1,22600.0,1.0,22500.0,1.0,22400.0,1.0,22300.0,1.0,22200.0,1.0,22100.0,1.0,23100.0,1.0,23200.0,1.0,23300.0,1.0,23400.0,1.0,23500.0,1.0,23600.0,1.0,23700.0,1.0,23800.0,1.0,23900.0,1.0,24000.0,1.0
000629.SZ,2020-08-06,09:31:55,23100.0,2200.0,50600000.0,23000.0,1.0,22900.0,1.0,22800.0,1.0,22700.0,1,22600.0,1.0,22500.0,1.0,22400.0,1.0,22300.0,1.0,22200.0,1.0,22100.0,1.0,23100.0,1.0,23200.0,1.0,23300.0,1.0,23400.0,1.0,23500.0,1.0,23600.0,1.0,23700.0,1.0,23800.0,1.0,23900.0,1.0,24000.0,1.0
000629.SZ,2020-08-06,09:31:56,23000.0,2000.0,46000000.0,23000.0,1.0,22900.0,1.0,22800.0,1.0,22700.0,1,22600.0,1.0,22500.0,1.0,22400.0,1.0,22300.0,1.0,22200.0,1.0,22100.0,1.0,23100.0,1.0,23200.0,1.0,23300.0,1.0,23400.0,1.0,23500.0,1.0,23600.0,1.0,23700.0,1.0,23800.0,1.0,23900.0,1.0,24000.0,1.0
000629.SZ,2020-08-06,09:31:57,23000.0,18300.0,422492100.0,23000.0,1.0,22900.0,1.0,22800.0,1.0,22700.0,1,22600.0,1.0,22500.0,1.0,22400.0,1.0,22300.0,1.0,22200.0,1.0,22100.0,1.0,23100.0,1.0,23200.0,1.0,23300.0,1.0,23400.0,1.0,23500.0,1.0,23600.0,1.0,23700.0,1.0,23800.0,1.0,23900.0,1.0,24000.0,1.0
000629.SZ,2020-08-06,09:31:58,23000.0,48400.0,1114022800.0,23000.0,1.0,22900.0,1.0,22800.0,1.0,22700.0,1,22600.0,1.0,22500.0,1.0,22400.0,1.0,22300.0,1.0,22200.0,1.0,22100.0,1.0,23100.0,1.0,23200.0,1.0,23300.0,1.0,23400.0,1.0,23500.0,1.0,23600.0,1.0,23700.0,1.0,23800.0,1.0,23900.0,1.0,24000.0,1.0
000629.SZ,2020-08-06,09:31:59,23100.0,0.0,0.0,23000.0,1.0,22900.0,1.0,22800.0,1.0,22700.0,1,22600.0,1.0,22500.0,1.0,22400.0,1.0,22300.0,1.0,22200.0,1.0,22100.0,1.0,23100.0,1.0,23200.0,1.0,23300.0,1.0,23400.0,1.0,23500.0,1.0,23600.0,1.0,23700.0,1.0,23800.0,1.0,23900.0,1.0,24000.0,1.0
000629.SZ,2020-08-06,09:32:00,23100.0,0.0,0.0,23000.0,1.0,22900.0,1.0,22800.0,1.0,22700.0,1,22600.0,1.0,22500.0,1.0,22400.0,1.0,22300.0,1.0,22200.0,1.0,22100.0,1.0,23100.0,1.0,23200.0,1.0,23300.0,1.0,23400.0,1.0,23500.0,1.0,23600.0,1.0,23700.0,1.0,23800.0,1.0,23900.0,1.0,24000.0,1.0
000629.SZ,2020-08-06,09:32:01,23100.0,169800.0,3905400000.0,23000.0,1.0,22900.0,1.0,22800.0,1.0,22700.0,1,22600.0,1.0,22500.0,1.0,22400.0,1.0,22300.0,1.0,22200.0,1.0,22100.0,1.0,23100.0,1.0,23200.0,1.0,23300.0,1.0,23400.0,1.0,23500.0,1.0,23600.0,1.0,23700.0,1.0,23800.0,1.0,23900.0,1.0,24000.0,1.0
000629.SZ,2020-08-06,09:32:02,23000.0,0.0,0.0,23000.0,1.0,22900.0,1.0,22800.0,1.0,22700.0,1,22600.0,1.0,22500.0,1.0,22400.0,1.0,22300.0,1.0,22200.0,1.0,22100.0,1.0,23100.0,1.0,23200.0,1.0,23300.0,1.0,23400.0,1.0,23500.0,1.0,23600.0,1.0,23700.0,1.0,23800.0,1.0,23900.0,1.0,24000.0,1.0
000629.SZ,2020-08-06,09:32:03,23000.0,0.0,0.0,23000.0,1.0,22900.0,1.0,22800.0,1.0,22700.0,1,22600.0,1.0,22500.0,1.0,22400.0,1.0,22300.0,1.0,22200.0,1.0,22100.0,1.0,23100.0,1.0,23200.0,1.0,23300.0,1.0,23400.0,1.0,23500.0,1.0,23600.0,1.0,23700.0,1.0,23800.0,1.0,23900.0,1.0,24000.0,1.0
000629.SZ,2020-08-06,09:32:04,23000.0,0.0,0.0,23000.0,1.0,22900.0,1.0,22800.0,1.0,22700.0,1,22600.0,1.0,22500.0,1.0,22400.0,1.0,22300.0,1.0,22200.0,1.0,22100.0,1.0,23100.0,1.0,23200.0,1.0,23300.0,1.0,23400.0,1.0,23500.0,1.0,23600.0,1.0,23700.0,1.0,23800.0,1.0,23900.0,1.0,24000.0,1.0
000629.SZ,2020-08-06,09:32:05,23000.0,15100.0,348810000.0,23000.0,1.0,22900.0,1.0,22800.0,1.0,22700.0,1,22600.0,1.0,22500.0,1.0,22400.0,1.0,22300.0,1.0,22200.0,1.0,22100.0,1.0,23100.0,1.0,23200.0,1.0,23300.0,1.0,23400.0,1.0,23500.0,1.0,23600.0,1.0,23700.0,1.0,23800.0,1.0,23900.0,1.0,24000.0,1.0
000629.SZ,2020-08-06,09:32:06,23100.0,7000.0,161700000.0,23000.0,1.0,22900.0,1.0,22800.0,1.0,22700.0,1,22600.0,1.0,22500.0,1.0,22400.0,1.0,22300.0,1.0,22200.0,1.0,22100.0,1.0,23100.0,1.0,23200.0,1.0,23300.0,1.0,23400.0,1.0,23500.0,1.0,23600.0,1.0,23700.0,1.0,23800.0,1.0,23900.0,1.0,24000.0,1.0
000629.SZ,2020-08-06,09:32:07,23100.0,22600.0,519800000.0,23000.0,1.0,22900.0,1.0,22800.0,1.0,22700.0,1,22600.0,1.0,22500.0,1.0,22400.0,1.0,22300.0,1.0,22200.0,1.0,22100.0,1.0,23100.0,1.0,23200.0,1.0,23300.0,1.0,23400.0,1.0,23500.0,1.0,23600.0,1.0,23700.0,1.0,23800.0,1.0,23900.0,1.0,24000.0,1.0
000629.SZ,2020-08-06,09:32:08,23000.0,0.0,0.0,23000.0,1.0,22900.0,1.0,22800.0,1.0,22700.0,1,22600.0,1.0,22500.0,1.0,22400.0,1.0,22300.0,1.0,22200.0,1.0,22100.0,1.0,23100.0,1.0,23200.0,1.0,23300.0,1.0,23400.0,1.0,23500.0,1.0,23600.0,1.0,23700.0,1.0,23800.0,1.0,23900.0,1.0,24000.0,1.0
000629.SZ,2020-08-06,09:32:09,23000.0,0.0,0.0,23000.0,1.0,22900.0,1.0,22800.0,1.0,22700.0,1,22600.0,1.0,22500.0,1.0,22400.0,1.0,22300.0,1.0,22200.0,1.0,22100.0,1.0,23100.0,1.0,23200.0,1.0,23300.0,1.0,23400.0,1.0,23500.0,1.0,23600.0,1.0,23700.0,1.0,23800.0,1.0,23900.0,1.0,24000.0,1.0
000629.SZ,2020-08-06,09:32:10,23000.0,800.0,18480000.0,23000.0,1.0,22900.0,1.0,22800.0,1.0,22700.0,1,22600.0,1.0,22500.0,1.0,22400.0,1.0,22300.0,1.0,22200.0,1.0,22100.0,1.0,23100.0,1.0,23200.0,1.0,23300.0,1.0,23400.0,1.0,23500.0,1.0,23600.0,1.0,23700.0,1.0,23800.0,1.0,23900.0,1.0,24000.0,1.0
000629.SZ,2020-08-06,09:32:11,23100.0,22800.0,525676800.0,23000.0,1.0,22900.0,1.0,22800.0,1.0,22700.0,1,22600.0,1.0,22500.0,1.0,22400.0,1.0,22300.0,1.0,22200.0,1.0,22100.0,1.0,23100.0,1.0,23200.0,1.0,23300.0,1.0,23400.0,1.0,23500.0,1.0,23600.0,1.0,23700.0,1.0,23800.0,1.0,23900.0,1.0,24000.0,1.0
000629.SZ,2020-08-06,09:32:12,23100.0,15000.0,345000000.0,23000.0,1.0,22900.0,1.0,22800.0,1.0,22700.0,1,22600.0,1.0,22500.0,1.0,22400.0,1.0,22300.0,1.0,22200.0,1.0,22100.0,1.0,23100.0,1.0,23200.0,1.0,23300.0,1.0,23400.0,1.0,23500.0,1.0,23600.0,1.0,23700.0,1.0,23800.0,1.0,23900.0,1.0,24000.0,1.0
000629.SZ,2020-08-06,09:32:13,23000.0,0.0,0.0,23000.0,1.0,22900.0,1.0,22800.0,1.0,22700.0,1,22600.0,1.0,22500.0,1.0,22400.0,1.0,22300.0,1.0,22200.0,1.0,22100.0,1.0,23100.0,1.0,23200.0,1.0,23300.0,1.0,23400.0,1.0,23500.0,1.0,23600.0,1.0,23700.0,1.0,23800.0,1.0,23900.0,1.0,24000.0,1.0
000629.SZ,2020-08-06,09:32:14,23000.0,0.0,0.0,23000.0,1.0,22900.0,1.0,22800.0,1.0,22700.0,1,22600.0,1.0,22500.0,1.0,22400.0,1.0,22300.0,1.0,22200.0,1.0,22100.0,1.0,23100.0,1.0,23200.0,1.0,23300.0,1.0,23400.0,1.0,23500.0,1.0,23600.0,1.0,23700.0,1.0,23800.0,1.0,23900.0,1.0,24000.0,1.0
000629.SZ,2020-08-06,09:32:15,23000.0,0.0,0.0,23000.0,1.0,22900.0,1.0,22800.0,1.0,22700.0,1,22600.0,1.0,22500.0,1.0,22400.0,1.0,22300.0,1.0,22200.0,1.0,22100.0,1.0,23100.0,1.0,23200.0,1.0,23300.0,1.0,23400.0,1.0,23500.0,1.0,23600.0,1.0,23700.0,1.0,23800.0,1.0,23900.0,1.0,24000.0,1.0
000629.SZ,2020-08-06,09:32:16,23000.0,5800.0,133400000.0,23000.0,1.0,22900.0,1.0,22800.0,1.0,22700.0,1,22600.0,1.0,22500.0,1.0,22400.0,1.0,22300.0,1.0,22200.0,1.0,22100.0,1.0,23100.0,1.0,23200.0,1.0,23300.0,1.0,23400.0,1.0,23500.0,1.0,23600.0,1.0,23700.0,1.0,23800.0,1.0,23900.0,1.0,24000.0,1.0
000629.SZ,2020-08-06,09:32:17,23000.0,0.0,0.0,23000.0,1.0,22900.0,1.0,22800.0,1.0,22700.0,1,22600.0,1.0,22500.0,1.0,22400.0,1.0,22300.0,1.0,22200.0,1.0,22100.0,1.0,23100.0,1.0,23200.0,1.0,23300.0,1.0,23400.0,1.0,23500.0,1.0,23600.0,1.0,23700.0,1.0,23800.0,1.0,23900.0,1.0,24000.0,1.0
000629.SZ,2020-08-06,09:32:18,23000.0,0.0,0.0,23000.0,1.0,22900.0,1.0,22800.0,1.0,22700.0,1,22600.0,1.0,22500.0,1.0,22400.0,1.0,22300.0,1.0,22200.0,1.0,22100.0,1.0,23100.0,1.0,23200.0,1.0,23300.0,1.0,23400.0,1.0,23500.0,1.0,23600.0,1.0,23700.0,1.0,23800.0,1.0,23900.0,1.0,24000.0,1.0
000629.SZ,2020-08-06,09:32:19,23000.0,1900.0,43890000.0,23000.0,1.0,22900.0,1.0,22800.0,1.0,22700.0,1,22600.0,1.0,22500.0,1.0,22400.0,1.0,22300.0,1.0,22200.0,1.0,22100.0,1.0,23100.0,1.0,23200.0,1.0,23300.0,1.0,23400.0,1.0,23500.0,1.0,23600.0,1.0,23700.0,1.0,23800.0,1.0,23900.0,1.0,24000.0,1.0
000629.SZ,2020-08-06,09:32:20,23100.0,0.0,0.0,23000.0,1.0,22900.0,1.0,22800.0,1.0,22700.0,1,22600.0,1.0,22500.0,1.0,22400.0,1.0,22300.0,1.0,22200.0,1.0,22100.0,1.0,23100.0,1.0,23200.0,1.0,23300.0,1.0,23400.0,1.0,23500.0,1.0,23600.0,1.0,23700.0,1.0,23800.0,1.0,23900.0,1.0,24000.0,1.0
000629.SZ,2020-08-06,09:32:21,23100.0,0.0,0.0,23000.0,1.0,22900.0,1.0,22800.0,1.0,22700.0,1,22600.0,1.0,22500.0,1.0,22400.0,1.0,22300.0,1.0,22200.0,1.0,22100.0,1.0,23100.0,1.0,23200.0,1.0,23300.0,1.0,23400.0,1.0,23500.0,1.0,23600.0,1.0,23700.0,1.0,23800.0,1.0,23900.0,1.0,24000.0,1.0
000629.SZ,2020-08-06,09:32:22,23100.0,0.0,0.0,23000.0,1.0,22900.0,1.0,22800.0,1.0,22700.0,1,22600.0,1.0,22500.0,1.0,22400.0,1.0,22300.0,1.0,22200.0,1.0,22100.0,1.0,23100.0,1.0,23200.0,1.0,23300.0,1.0,23400.0,1.0,23500.0,1.0,23600.0,1.0,23700.0,1.0,23800.0,1.0,23900.0,1.0,24000.0,1.0
000629.SZ,2020-08-06,09:32:23,23100.0,0.0,0.0,23000.0,1.0,22900.0,1.0,22800.0,1.0,22700.0,1,22600.0,1.0,22500.0,1.0,22400.0,1.0,22300.0,1.0,22200.0,1.0,22100.0,1.0,23100.0,1.0,23200.0,1.0,23300.0,1.0,23400.0,1.0,23500.0,1.0,23600.0,1.0,23700.0,1.0,23800.0,1.0,23900.0,1.0,24000.0,1.0
000629.SZ,2020-08-06,09:32:24,23100.0,11000.0,253990000.0,23000.0,1.0,22900.0,1.0,22800.0,1.0,22700.0,1,22600.0,1.0,22500.0,1.0,22400.0,1.0,22300.0,1.0,22200.0,1.0,22100.0,1.0,23100.0,1.0,23200.0,1.0,23300.0,1.0,23400.0,1.0,23500.0,1.0,23600.0,1.0,23700.0,1.0,23800.0,1.0,23900.0,1.0,24000.0,1.0
000629.SZ,2020-08-06,09:32:25,23000.0,0.0,0.0,23000.0,1.0,22900.0,1.0,22800.0,1.0,22700.0,1,22600.0,1.0,22500.0,1.0,22400.0,1.0,22300.0,1.0,22200.0,1.0,22100.0,1.0,23100.0,1.0,23200.0,1.0,23300.0,1.0,23400.0,1.0,23500.0,1.0,23600.0,1.0,23700.0,1.0,23800.0,1.0,23900.0,1.0,24000.0,1.0
000629.SZ,2020-08-06,09:32:26,23000.0,0.0,0.0,23000.0,1.0,22900.0,1.0,22800.0,1.0,22700.0,1,22600.0,1.0,22500.0,1.0,22400.0,1.0,22300.0,1.0,22200.0,1.0,22100.0,1.0,23100.0,1.0,23200.0,1.0,23300.0,1.0,23400.0,1.0,23500.0,1.0,23600.0,1.0,23700.0,1.0,23800.0,1.0,23900.0,1.0,24000.0,1.0
000629.SZ,2020-08-06,09:32:27,23000.0,1000.0,23000000.0,23000.0,1.0,22900.0,1.0,22800.0,1.0,22700.0,1,22600.0,1.0,22500.0,1.0,22400.0,1.0,22300.0,1.0,22200.0,1.0,22100.0,1.0,23100.0,1.0,23200.0,1.0,23300.0,1.0,23400.0,1.0,23500.0,1.0,23600.0,1.0,23700.0,1.0,23800.0,1.0,23900.0,1.0,24000.0,1.0
000629.SZ,2020-08-06,09:32:28,23000.0,0.0,0.0,23000.0,1.0,22900.0,1.0,22800.0,1.0,22700.0,1,22600.0,1.0,22500.0,1.0,22400.0,1.0,22300.0,1.0,22200.0,1.0,22100.0,1.0,23100.0,1.0,23200.0,1.0,23300.0,1.0,23400.0,1.0,23500.0,1.0,23600.0,1.0,23700.0,1.0,23800.0,1.0,23900.0,1.0,24000.0,1.0
000629.SZ,2020-08-06,09:32:29,23000.0,6100.0,140300000.0,23000.0,1.0,22900.0,1.0,22800.0,1.0,22700.0,1,22600.0,1.0,22500.0,1.0,22400.0,1.0,22300.0,1.0,22200.0,1.0,22100.0,1.0,23100.0,1.0,23200.0,1.0,23300.0,1.0,23400.0,1.0,23500.0,1.0,23600.0,1.0,23700.0,1.0,23800.0,1.0,23900.0,1.0,24000.0,1.0
000629.SZ,2020-08-06,09:32:30,23000.0,3000.0,69000000.0,23000.0,1.0,22900.0,1.0,22800.0,1.0,22700.0,1,22600.0,1.0,22500.0,1.0,22400.0,1.0,22300.0,1.0,22200.0,1.0,22100.0,1.0,23100.0,1.0,23200.0,1.0,23300.0,1.0,23400.0,1.0,23500.0,1.0,23600.0,1.0,23700.0,1.0,23800.0,1.0,23900.0,1.0,24000.0,1.0
000629.SZ,2020-08-06,09:32:31,23000.0,11000.0,254100000.0,23000.0,1.0,22900.0,1.0,22800.0,1.0,22700.0,1,22600.0,1.0,22500.0,1.0,22400.0,1.0,22300.0,1.0,22200.0,1.0,22100.0,1.0,23100.0,1.0,23200.0,1.0,23300.0,1.0,23400.0,1.0,23500.0,1.0,23600.0,1.0,23700.0,1.0,23800.0,1.0,23900.0,1.0,24000.0,1.0
000629.SZ,2020-08-06,09:32:32,23100.0,18900.0,434889000.0,23000.0,1.0,22900.0,1.0,22800.0,1.0,22700.0,1,22600.0,1.0,22500.0,1.0,22400.0,1.0,22300.0,1.0,22200.0,1.0,22100.0,1.0,23100.0,1.0,23200.0,1.0,23300.0,1.0,23400.0,1.0,23500.0,1.0,23600.0,1.0,23700.0,1.0,23800.0,1.0,23900.0,1.0,24000.0,1.0
000629.SZ,2020-08-06,09:32:33,23000.0,0.0,0.0,23000.0,1.0,22900.0,1.0,22800.0,1.0,22700.0,1,22600.0,1.0,22500.0,1.0,22400.0,1.0,22300.0,1.0,22200.0,1.0,22100.0,1.0,23100.0,1.0,23200.0,1.0,23300.0,1.0,23400.0,1.0,23500.0,1.0,23600.0,1.0,23700.0,1.0,23800.0,1.0,23900.0,1.0,24000.0,1.0
000629.SZ,2020-08-06,09:32:34,23000.0,3000.0,69000000.0,23000.0,1.0,22900.0,1.0,22800.0,1.0,22700.0,1,22600.0,1.0,22500.0,1.0,22400.0,1.0,22300.0,1.0,22200.0,1.0,22100.0,1.0,23100.0,1.0,23200.0,1.0,23300.0,1.0,23400.0,1.0,23500.0,1.0,23600.0,1.0,23700.0,1.0,23800.0,1.0,23900.0,1.0,24000.0,1.0
000629.SZ,2020-08-06,09:32:35,23000.0,38700.0,890100000.0,23000.0,1.0,22900.0,1.0,22800.0,1.0,22700.0,1,22600.0,1.0,22500.0,1.0,22400.0,1.0,22300.0,1.0,22200.0,1.0,22100.0,1.0,23100.0,1.0,23200.0,1.0,23300.0,1.0,23400.0,1.0,23500.0,1.0,23600.0,1.0,23700.0,1.0,23800.0,1.0,23900.0,1.0,24000.0,1.0
000629.SZ,2020-08-06,09:32:36,23000.0,168200.0,3868600000.0,23000.0,0.51,22900.0,1.0,22800.0,1.0,22700.0,1,22600.0,1.0,22500.0,1.0,22400.0,1.0,22300.0,1.0,22200.0,1.0,22100.0,1.0,23100.0,1.0,23200.0,1.0,23300.0,1.0,23400.0,1.0,23500.0,1.0,23600.0,1.0,23700.0,1.0,23800.0,1.0,23900.0,1.0,24000.0,1.0
000629.SZ,2020-08-06,09:32:37,23000.0,27100.0,623300000.0,23000.0,0.35,22900.0,1.0,22800.0,1.0,22700.0,1,22600.0,1.0,22500.0,1.0,22400.0,1.0,22300.0,1.0,22200.0,1.0,22100.0,1.0,23100.0,1.0,23200.0,1.0,23300.0,1.0,23400.0,1.0,23500.0,1.0,23600.0,1.0,23700.0,1.0,23800.0,1.0,23900.0,1.0,24000.0,1.0
000629.SZ,2020-08-06,09:32:38,23000.0,14700.0,338100000.0,23000.0,0.31,22900.0,1.0,22800.0,1.0,22700.0,1,22600.0,1.0,22500.0,1.0,22400.0,1.0,22300.0,1.0,22200.0,1.0,22100.0,1.0,23100.0,1.0,23200.0,1.0,23300.0,1.0,23400.0,1.0,23500.0,1.0,23600.0,1.0,23700.0,1.0,23800.0,1.0,23900.0,1.0,24000.0,1.0
000629.SZ,2020-08-06,09:32:39,23000.0,15700.0,361100000.0,23000.0,0.17,22900.0,1.0,22800.0,1.0,22700.0,1,22600.0,1.0,22500.0,1.0,22400.0,1.0,22300.0,1.0,22200.0,1.0,22100.0,1.0,23100.0,1.0,23200.0,1.0,23300.0,1.0,23400.0,1.0,23500.0,1.0,23600.0,1.0,23700.0,1.0,23800.0,1.0,23900.0,1.0,24000.0,1.0
000629.SZ,2020-08-06,09:32:40,23000.0,15700.0,361100000.0,23000.0,0.15,22900.0,1.0,22800.0,1.0,22700.0,1,22600.0,1.0,22500.0,1.0,22400.0,1.0,22300.0,1.0,22200.0,1.0,22100.0,1.0,23100.0,1.0,23200.0,1.0,23300.0,1.0,23400.0,1.0,23500.0,1.0,23600.0,1.0,23700.0,1.0,23800.0,1.0,23900.0,1.0,24000.0,1.0
000629.SZ,2020-08-06,09:32:41,23000.0,19600.0,450800000.0,22900.0,1.0,22800.0,1.0,22700.0,1.0,22600.0,1,22500.0,1.0,22400.0,1.0,22300.0,1.0,22200.0,1.0,22100.0,1.0,22000.0,1.0,23000.0,0.17,23100.0,1.0,23200.0,1.0,23300.0,1.0,23400.0,1.0,23500.0,1.0,23600.0,1.0,23700.0,1.0,23800.0,1.0,23900.0,1.0
000629.SZ,2020-08-06,09:32:42,23000.0,10300.0,236900000.0,22900.0,1.0,22800.0,1.0,22700.0,1.0,22600.0,1,22500.0,1.0,22400.0,1.0,22300.0,1.0,22200.0,1.0,22100.0,1.0,22000.0,1.0,23000.0,0.19,23100.0,1.0,23200.0,1.0,23300.0,1.0,23400.0,1.0,23500.0,1.0,23600.0,1.0,23700.0,1.0,23800.0,1.0,23900.0,1.0
000629.SZ,2020-08-06,09:32:43,23000.0,6200.0,142600000.0,22900.0,1.0,22800.0,1.0,22700.0,1.0,22600.0,1,22500.0,1.0,22400.0,1.0,22300.0,1.0,22200.0,1.0,22100.0,1.0,22000.0,1.0,23000.0,0.13,23100.0,1.0,23200.0,1.0,23300.0,1.0,23400.0,1.0,23500.0,1.0,23600.0,1.0,23700.0,1.0,23800.0,1.0,23900.0,1.0
000629.SZ,2020-08-06,09:32:44,23000.0,9400.0,216200000.0,22900.0,1.0,22800.0,1.0,22700.0,1.0,22600.0,1,22500.0,1.0,22400.0,1.0,22300.0,1.0,22200.0,1.0,22100.0,1.0,22000.0,1.0,23000.0,0.73,23100.0,1.0,23200.0,1.0,23300.0,1.0,23400.0,1.0,23500.0,1.0,23600.0,1.0,23700.0,1.0,23800.0,1.0,23900.0,1.0
000629.SZ,2020-08-06,09:32:45,23000.0,0.0,0.0,22900.0,1.0,22800.0,1.0,22700.0,1.0,22600.0,1,22500.0,1.0,22400.0,1.0,22300.0,1.0,22200.0,1.0,22100.0,1.0,22000.0,1.0,23000.0,1.0,23100.0,1.0,23200.0,1.0,23300.0,1.0,23400.0,1.0,23500.0,1.0,23600.0,1.0,23700.0,1.0,23800.0,1.0,23900.0,1.0
000629.SZ,2020-08-06,09:32:46,23000.0,0.0,0.0,22900.0,1.0,22800.0,1.0,22700.0,1.0,22600.0,1,22500.0,1.0,22400.0,1.0,22300.0,1.0,22200.0,1.0,22100.0,1.0,22000.0,1.0,23000.0,1.0,23100.0,1.0,23200.0,1.0,23300.0,1.0,23400.0,1.0,23500.0,1.0,23600.0,1.0,23700.0,1.0,23800.0,1.0,23900.0,1.0
000629.SZ,2020-08-06,09:32:47,23000.0,0.0,0.0,22900.0,1.0,22800.0,1.0,22700.0,1.0,22600.0,1,22500.0,1.0,22400.0,1.0,22300.0,1.0,22200.0,1.0,22100.0,1.0,22000.0,1.0,23000.0,1.0,23100.0,1.0,23200.0,1.0,23300.0,1.0,23400.0,1.0,23500.0,1.0,23600.0,1.0,23700.0,1.0,23800.0,1.0,23900.0,1.0
000629.SZ,2020-08-06,09:32:48,23000.0,0.0,0.0,22900.0,1.0,22800.0,1.0,22700.0,1.0,22600.0,1,22500.0,1.0,22400.0,1.0,22300.0,1.0,22200.0,1.0,22100.0,1.0,22000.0,1.0,23000.0,1.0,23100.0,1.0,23200.0,1.0,23300.0,1.0,23400.0,1.0,23500.0,1.0,23600.0,1.0,23700.0,1.0,23800.0,1.0,23900.0,1.0
000629.SZ,2020-08-06,09:32:49,23000.0,20900.0,480595500.0,22900.0,1.0,22800.0,1.0,22700.0,1.0,22600.0,1,22500.0,1.0,22400.0,1.0,22300.0,1.0,22200.0,1.0,22100.0,1.0,22000.0,1.0,23000.0,1.0,23100.0,1.0,23200.0,1.0,23300.0,1.0,23400.0,1.0,23500.0,1.0,23600.0,1.0,23700.0,1.0,23800.0,1.0,23900.0,1.0
000629.SZ,2020-08-06,09:32:50,22900.0,0.0,0.0,22900.0,1.0,22800.0,1.0,22700.0,1.0,22600.0,1,22500.0,1.0,22400.0,1.0,22300.0,1.0,22200.0,1.0,22100.0,1.0,22000.0,1.0,23000.0,1.0,23100.0,1.0,23200.0,1.0,23300.0,1.0,23400.0,1.0,23500.0,1.0,23600.0,1.0,23700.0,1.0,23800.0,1.0,23900.0,1.0
000629.SZ,2020-08-06,09:32:51,22900.0,0.0,0.0,22900.0,1.0,22800.0,1.0,22700.0,1.0,22600.0,1,22500.0,1.0,22400.0,1.0,22300.0,1.0,22200.0,1.0,22100.0,1.0,22000.0,1.0,23000.0,1.0,23100.0,1.0,23200.0,1.0,23300.0,1.0,23400.0,1.0,23500.0,1.0,23600.0,1.0,23700.0,1.0,23800.0,1.0,23900.0,1.0
000629.SZ,2020-08-06,09:32:52,22900.0,31300.0,719900000.0,22900.0,1.0,22800.0,1.0,22700.0,1.0,22600.0,1,22500.0,1.0,22400.0,1.0,22300.0,1.0,22200.0,1.0,22100.0,1.0,22000.0,1.0,23000.0,1.0,23100.0,1.0,23200.0,1.0,23300.0,1.0,23400.0,1.0,23500.0,1.0,23600.0,1.0,23700.0,1.0,23800.0,1.0,23900.0,1.0
000629.SZ,2020-08-06,09:32:53,23000.0,0.0,0.0,22900.0,1.0,22800.0,1.0,22700.0,1.0,22600.0,1,22500.0,1.0,22400.0,1.0,22300.0,1.0,22200.0,1.0,22100.0,1.0,22000.0,1.0,23000.0,1.0,23100.0,1.0,23200.0,1.0,23300.0,1.0,23400.0,1.0,23500.0,1.0,23600.0,1.0,23700.0,1.0,23800.0,1.0,23900.0,1.0
000629.SZ,2020-08-06,09:32:54,23000.0,0.0,0.0,22900.0,1.0,22800.0,1.0,22700.0,1.0,22600.0,1,22500.0,1.0,22400.0,1.0,22300.0,1.0,22200.0,1.0,22100.0,1.0,22000.0,1.0,23000.0,1.0,23100.0,1.0,23200.0,1.0,23300.0,1.0,23400.0,1.0,23500.0,1.0,23600.0,1.0,23700.0,1.0,23800.0,1.0,23900.0,1.0
000629.SZ,2020-08-06,09:32:55,23000.0,0.0,0.0,22900.0,1.0,22800.0,1.0,22700.0,1.0,22600.0,1,22500.0,1.0,22400.0,1.0,22300.0,1.0,22200.0,1.0,22100.0,1.0,22000.0,1.0,23000.0,1.0,23100.0,1.0,23200.0,1.0,23300.0,1.0,23400.0,1.0,23500.0,1.0,23600.0,1.0,23700.0,1.0,23800.0,1.0,23900.0,1.0
000629.SZ,2020-08-06,09:32:56,23000.0,19600.0,449349600.0,22900.0,1.0,22800.0,1.0,22700.0,1.0,22600.0,1,22500.0,1.0,22400.0,1.0,22300.0,1.0,22200.0,1.0,22100.0,1.0,22000.0,1.0,23000.0,1.0,23100.0,1.0,23200.0,1.0,23300.0,1.0,23400.0,1.0,23500.0,1.0,23600.0,1.0,23700.0,1.0,23800.0,1.0,23900.0,1.0
000629.SZ,2020-08-06,09:32:57,22900.0,4900.0,112700000.0,22900.0,1.0,22800.0,1.0,22700.0,1.0,22600.0,1,22500.0,1.0,22400.0,1.0,22300.0,1.0,22200.0,1.0,22100.0,1.0,22000.0,1.0,23000.0,1.0,23100.0,1.0,23200.0,1.0,23300.0,1.0,23400.0,1.0,23500.0,1.0,23600.0,1.0,23700.0,1.0,23800.0,1.0,23900.0,1.0
000629.SZ,2020-08-06,09:32:58,23000.0,2900.0,66700000.0,22900.0,1.0,22800.0,1.0,22700.0,1.0,22600.0,1,22500.0,1.0,22400.0,1.0,22300.0,1.0,22200.0,1.0,22100.0,1.0,22000.0,1.0,23000.0,1.0,23100.0,1.0,23200.0,1.0,23300.0,1.0,23400.0,1.0,23500.0,1.0,23600.0,1.0,23700.0,1.0,23800.0,1.0,23900.0,1.0
000629.SZ,2020-08-06,09:32:59,23000.0,0.0,0.0,22900.0,1.0,22800.0,1.0,22700.0,1.0,22600.0,1,22500.0,1.0,22400.0,1.0,22300.0,1.0,22200.0,1.0,22100.0,1.0,22000.0,1.0,23000.0,1.0,23100.0,1.0,23200.0,1.0,23300.0,1.0,23400.0,1.0,23500.0,1.0,23600.0,1.0,23700.0,1.0,23800.0,1.0,23900.0,1.0
000629.SZ,2020-08-06,09:33:00,23000.0,44600.0,1024328200.0,22900.0,1.0,22800.0,1.0,22700.0,1.0,22600.0,1,22500.0,1.0,22400.0,1.0,22300.0,1.0,22200.0,1.0,22100.0,1.0,22000.0,1.0,23000.0,1.0,23100.0,1.0,23200.0,1.0,23300.0,1.0,23400.0,1.0,23500.0,1.0,23600.0,1.0,23700.0,1.0,23800.0,1.0,23900.0,1.0
000629.SZ,2020-08-06,09:33:01,22900.0,0.0,0.0,22900.0,1.0,22800.0,1.0,22700.0,1.0,22600.0,1,22500.0,1.0,22400.0,1.0,22300.0,1.0,22200.0,1.0,22100.0,1.0,22000.0,1.0,23000.0,1.0,23100.0,1.0,23200.0,1.0,23300.0,1.0,23400.0,1.0,23500.0,1.0,23600.0,1.0,23700.0,1.0,23800.0,1.0,23900.0,1.0
000629.SZ,2020-08-06,09:33:02,22900.0,35500.0,816500000.0,22900.0,1.0,22800.0,1.0,22700.0,1.0,22600.0,1,22500.0,1.0,22400.0,1.0,22300.0,1.0,22200.0,1.0,22100.0,1.0,22000.0,1.0,23000.0,1.0,23100.0,1.0,23200.0,1.0,23300.0,1.0,23400.0,1.0,23500.0,1.0,23600.0,1.0,23700.0,1.0,23800.0,1.0,23900.0,1.0
000629.SZ,2020-08-06,09:33:03,23000.0,66200.0,1522600000.0,22900.0,1.0,22800.0,1.0,22700.0,1.0,22600.0,1,22500.0,1.0,22400.0,1.0,22300.0,1.0,22200.0,1.0,22100.0,1.0,22000.0,1.0,23000.0,1.0,23100.0,1.0,23200.0,1.0,23300.0,1.0,23400.0,1.0,23500.0,1.0,23600.0,1.0,23700.0,1.0,23800.0,1.0,23900.0,1.0
000629.SZ,2020-08-06,09:33:04,23000.0,5800.0,132918600.0,22900.0,1.0,22800.0,1.0,22700.0,1.0,22600.0,1,22500.0,1.0,22400.0,1.0,22300.0,1.0,22200.0,1.0,22100.0,1.0,22000.0,1.0,23000.0,1.0,23100.0,1.0,23200.0,1.0,23300.0,1.0,23400.0,1.0,23500.0,1.0,23600.0,1.0,23700.0,1.0,23800.0,1.0,23900.0,1.0
000629.SZ,2020-08-06,09:33:05,22900.0,9700.0,223100000.0,22900.0,1.0,22800.0,1.0,22700.0,1.0,22600.0,1,22500.0,1.0,22400.0,1.0,22300.0,1.0,22200.0,1.0,22100.0,1.0,22000.0,1.0,23000.0,1.0,23100.0,1.0,23200.0,1.0,23300.0,1.0,23400.0,1.0,23500.0,1.0,23600.0,1.0,23700.0,1.0,23800.0,1.0,23900.0,1.0
000629.SZ,2020-08-06,09:33:06,23000.0,8900.0,204700000.0,22900.0,1.0,22800.0,1.0,22700.0,1.0,22600.0,1,22500.0,1.0,22400.0,1.0,22300.0,1.0,22200.0,1.0,22100.0,1.0,22000.0,1.0,23000.0,1.0,23100.0,1.0,23200.0,1.0,23300.0,1.0,23400.0,1.0,23500.0,1.0,23600.0,1.0,23700.0,1.0,23800.0,1.0,23900.0,1.0
000629.SZ,2020-08-06,09:33:07,23000.0,3000.0,69000000.0,22900.0,1.0,22800.0,1.0,22700.0,1.0,22600.0,1,22500.0,1.0,22400.0,1.0,22300.0,1.0,22200.0,1.0,22100.0,1.0,22000.0,1.0,23000.0,1.0,23100.0,1.0,23200.0,1.0,23300.0,1.0,23400.0,1.0,23500.0,1.0,23600.0,1.0,23700.0,1.0,23800.0,1.0,23900.0,1.0
000629.SZ,2020-08-06,09:33:08,23000.0,20000.0,460000000.0,22900.0,1.0,22800.0,1.0,22700.0,1.0,22600.0,1,22500.0,1.0,22400.0,1.0,22300.0,1.0,22200.0,1.0,22100.0,1.0,22000.0,1.0,23000.0,1.0,23100.0,1.0,23200.0,1.0,23300.0,1.0,23400.0,1.0,23500.0,1.0,23600.0,1.0,23700.0,1.0,23800.0,1.0,23900.0,1.0
000629.SZ,2020-08-06,09:33:09,23000.0,34300.0,788900000.0,22900.0,1.0,22800.0,1.0,22700.0,1.0,22600.0,1,22500.0,1.0,22400.0,1.0,22300.0,1.0,22200.0,1.0,22100.0,1.0,22000.0,1.0,23000.0,1.0,23100.0,1.0,23200.0,1.0,23300.0,1.0,23400.0,1.0,23500.0,1.0,23600.0,1.0,23700.0,1.0,23800.0,1.0,23900.0,1.0
000629.SZ,2020-08-06,09:33:10,23000.0,10900.0,250700000.0,22900.0,1.0,22800.0,1.0,22700.0,1.0,22600.0,1,22500.0,1.0,22400.0,1.0,22300.0,1.0,22200.0,1.0,22100.0,1.0,22000.0,1.0,23000.0,1.0,23100.0,1.0,23200.0,1.0,23300.0,1.0,23400.0,1.0,23500.0,1.0,23600.0,1.0,23700.0,1.0,23800.0,1.0,23900.0,1.0
000629.SZ,2020-08-06,09:33:11,23000.0,0.0,0.0,22900.0,1.0,22800.0,1.0,22700.0,1.0,22600.0,1,22500.0,1.0,22400.0,1.0,22300.0,1.0,22200.0,1.0,22100.0,1.0,22000.0,1.0,23000.0,1.0,23100.0,1.0,23200.0,1.0,23300.0,1.0,23400.0,1.0,23500.0,1.0,23600.0,1.0,23700.0,1.0,23800.0,1.0,23900.0,1.0
000629.SZ,2020-08-06,09:33:12,23000.0,402400.0,9255200000.0,23000.0,1.0,22900.0,1.0,22800.0,1.0,22700.0,1,22600.0,1.0,22500.0,1.0,22400.0,1.0,22300.0,1.0,22200.0,1.0,22100.0,1.0,23100.0,1.0,23200.0,1.0,23300.0,1.0,23400.0,1.0,23500.0,1.0,23600.0,1.0,23700.0,1.0,23800.0,1.0,23900.0,1.0,24000.0,1.0
000629.SZ,2020-08-06,09:33:13,23000.0,25000.0,575000000.0,23000.0,1.0,22900.0,1.0,22800.0,1.0,22700.0,1,22600.0,1.0,22500.0,1.0,22400.0,1.0,22300.0,1.0,22200.0,1.0,22100.0,1.0,23100.0,1.0,23200.0,1.0,23300.0,1.0,23400.0,1.0,23500.0,1.0,23600.0,1.0,23700.0,1.0,23800.0,1.0,23900.0,1.0,24000.0,1.0
000629.SZ,2020-08-06,09:33:14,23000.0,13000.0,299000000.0,23000.0,1.0,22900.0,1.0,22800.0,1.0,22700.0,1,22600.0,1.0,22500.0,1.0,22400.0,1.0,22300.0,1.0,22200.0,1.0,22100.0,1.0,23100.0,1.0,23200.0,1.0,23300.0,1.0,23400.0,1.0,23500.0,1.0,23600.0,1.0,23700.0,1.0,23800.0,1.0,23900.0,1.0,24000.0,1.0
000629.SZ,2020-08-06,09:33:15,23000.0,108600.0,2497800000.0,23000.0,1.0,22900.0,1.0,22800.0,1.0,22700.0,1,22600.0,1.0,22500.0,1.0,22400.0,1.0,22300.0,1.0,22200.0,1.0,22100.0,1.0,23100.0,1.0,23200.0,1.0,23300.0,1.0,23400.0,1.0,23500.0,1.0,23600.0,1.0,23700.0,1.0,23800.0,1.0,23900.0,1.0,24000.0,1.0
000629.SZ,2020-08-06,09:33:16,23000.0,5600.0,128800000.0,23000.0,1.0,22900.0,1.0,22800.0,1.0,22700.0,1,22600.0,1.0,22500.0,1.0,22400.0,1.0,22300.0,1.0,22200.0,1.0,22100.0,1.0,23100.0,1.0,23200.0,1.0,23300.0,1.0,23400.0,1.0,23500.0,1.0,23600.0,1.0,23700.0,1.0,23800.0,1.0,23900.0,1.0,24000.0,1.0
000629.SZ,2020-08-06,09:33:17,23000.0,19600.0,452760000.0,23000.0,1.0,22900.0,1.0,22800.0,1.0,22700.0,1,22600.0,1.0,22500.0,1.0,22400.0,1.0,22300.0,1.0,22200.0,1.0,22100.0,1.0,23100.0,1.0,23200.0,1.0,23300.0,1.0,23400.0,1.0,23500.0,1.0,23600.0,1.0,23700.0,1.0,23800.0,1.0,23900.0,1.0,24000.0,1.0
000629.SZ,2020-08-06,09:33:18,23100.0,100000.0,2300000000.0,23000.0,1.0,22900.0,1.0,22800.0,1.0,22700.0,1,22600.0,1.0,22500.0,1.0,22400.0,1.0,22300.0,1.0,22200.0,1.0,22100.0,1.0,23100.0,1.0,23200.0,1.0,23300.0,1.0,23400.0,1.0,23500.0,1.0,23600.0,1.0,23700.0,1.0,23800.0,1.0,23900.0,1.0,24000.0,1.0
000629.SZ,2020-08-06,09:33:19,23000.0,0.0,0.0,23000.0,1.0,22900.0,1.0,22800.0,1.0,22700.0,1,22600.0,1.0,22500.0,1.0,22400.0,1.0,22300.0,1.0,22200.0,1.0,22100.0,1.0,23100.0,1.0,23200.0,1.0,23300.0,1.0,23400.0,1.0,23500.0,1.0,23600.0,1.0,23700.0,1.0,23800.0,1.0,23900.0,1.0,24000.0,1.0
000629.SZ,2020-08-06,09:33:20,23000.0,15500.0,357988000.0,23000.0,1.0,22900.0,1.0,22800.0,1.0,22700.0,1,22600.0,1.0,22500.0,1.0,22400.0,1.0,22300.0,1.0,22200.0,1.0,22100.0,1.0,23100.0,1.0,23200.0,1.0,23300.0,1.0,23400.0,1.0,23500.0,1.0,23600.0,1.0,23700.0,1.0,23800.0,1.0,23900.0,1.0,24000.0,1.0
000629.SZ,2020-08-06,09:33:21,23000.0,0.0,0.0,23000.0,1.0,22900.0,1.0,22800.0,1.0,22700.0,1,22600.0,1.0,22500.0,1.0,22400.0,1.0,22300.0,1.0,22200.0,1.0,22100.0,1.0,23100.0,1.0,23200.0,1.0,23300.0,1.0,23400.0,1.0,23500.0,1.0,23600.0,1.0,23700.0,1.0,23800.0,1.0,23900.0,1.0,24000.0,1.0
000629.SZ,2020-08-06,09:33:22,23000.0,2300.0,52900000.0,23000.0,1.0,22900.0,1.0,22800.0,1.0,22700.0,1,22600.0,1.0,22500.0,1.0,22400.0,1.0,22300.0,1.0,22200.0,1.0,22100.0,1.0,23100.0,1.0,23200.0,1.0,23300.0,1.0,23400.0,1.0,23500.0,1.0,23600.0,1.0,23700.0,1.0,23800.0,1.0,23900.0,1.0,24000.0,1.0
000629.SZ,2020-08-06,09:33:23,23000.0,11700.0,270270000.0,23000.0,1.0,22900.0,1.0,22800.0,1.0,22700.0,1,22600.0,1.0,22500.0,1.0,22400.0,1.0,22300.0,1.0,22200.0,1.0,22100.0,1.0,23100.0,1.0,23200.0,1.0,23300.0,1.0,23400.0,1.0,23500.0,1.0,23600.0,1.0,23700.0,1.0,23800.0,1.0,23900.0,1.0,24000.0,1.0
000629.SZ,2020-08-06,09:33:24,23100.0,20100.0,462300000.0,23000.0,1.0,22900.0,1.0,22800.0,1.0,22700.0,1,22600.0,1.0,22500.0,1.0,22400.0,1.0,22300.0,1.0,22200.0,1.0,22100.0,1.0,23100.0,1.0,23200.0,1.0,23300.0,1.0,23400.0,1.0,23500.0,1.0,23600.0,1.0,23700.0,1.0,23800.0,1.0,23900.0,1.0,24000.0,1.0
000629.SZ,2020-08-06,09:33:25,23000.0,8900.0,204700000.0,23000.0,1.0,22900.0,1.0,22800.0,1.0,22700.0,1,22600.0,1.0,22500.0,1.0,22400.0,1.0,22300.0,1.0,22200.0,1.0,22100.0,1.0,23100.0,1.0,23200.0,1.0,23300.0,1.0,23400.0,1.0,23500.0,1.0,23600.0,1.0,23700.0,1.0,23800.0,1.0,23900.0,1.0,24000.0,1.0
000629.SZ,2020-08-06,09:33:26,23000.0,205000.0,4715000000.0,23000.0,1.0,22900.0,1.0,22800.0,1.0,22700.0,1,22600.0,1.0,22500.0,1.0,22400.0,1.0,22300.0,1.0,22200.0,1.0,22100.0,1.0,23100.0,1.0,23200.0,1.0,23300.0,1.0,23400.0,1.0,23500.0,1.0,23600.0,1.0,23700.0,1.0,23800.0,1.0,23900.0,1.0,24000.0,1.0
000629.SZ,2020-08-06,09:33:27,23000.0,0.0,0.0,23000.0,1.0,22900.0,1.0,22800.0,1.0,22700.0,1,22600.0,1.0,22500.0,1.0,22400.0,1.0,22300.0,1.0,22200.0,1.0,22100.0,1.0,23100.0,1.0,23200.0,1.0,23300.0,1.0,23400.0,1.0,23500.0,1.0,23600.0,1.0,23700.0,1.0,23800.0,1.0,23900.0,1.0,24000.0,1.0
000629.SZ,2020-08-06,09:33:28,23000.0,0.0,0.0,23000.0,1.0,22900.0,1.0,22800.0,1.0,22700.0,1,22600.0,1.0,22500.0,1.0,22400.0,1.0,22300.0,1.0,22200.0,1.0,22100.0,1.0,23100.0,1.0,23200.0,1.0,23300.0,1.0,23400.0,1.0,23500.0,1.0,23600.0,1.0,23700.0,1.0,23800.0,1.0,23900.0,1.0,24000.0,1.0
000629.SZ,2020-08-06,09:33:29,23000.0,18600.0,429660000.0,23000.0,1.0,22900.0,1.0,22800.0,1.0,22700.0,1,22600.0,1.0,22500.0,1.0,22400.0,1.0,22300.0,1.0,22200.0,1.0,22100.0,1.0,23100.0,1.0,23200.0,1.0,23300.0,1.0,23400.0,1.0,23500.0,1.0,23600.0,1.0,23700.0,1.0,23800.0,1.0,23900.0,1.0,24000.0,1.0
000629.SZ,2020-08-06,09:33:30,23100.0,0.0,0.0,23000.0,1.0,22900.0,1.0,22800.0,1.0,22700.0,1,22600.0,1.0,22500.0,1.0,22400.0,1.0,22300.0,1.0,22200.0,1.0,22100.0,1.0,23100.0,1.0,23200.0,1.0,23300.0,1.0,23400.0,1.0,23500.0,1.0,23600.0,1.0,23700.0,1.0,23800.0,1.0,23900.0,1.0,24000.0,1.0
000629.SZ,2020-08-06,09:33:31,23100.0,2000.0,46000000.0,23000.0,1.0,22900.0,1.0,22800.0,1.0,22700.0,1,22600.0,1.0,22500.0,1.0,22400.0,1.0,22300.0,1.0,22200.0,1.0,22100.0,1.0,23100.0,1.0,23200.0,1.0,23300.0,1.0,23400.0,1.0,23500.0,1.0,23600.0,1.0,23700.0,1.0,23800.0,1.0,23900.0,1.0,24000.0,1.0
000629.SZ,2020-08-06,09:33:32,23000.0,2100.0,48499500.0,23000.0,1.0,22900.0,1.0,22800.0,1.0,22700.0,1,22600.0,1.0,22500.0,1.0,22400.0,1.0,22300.0,1.0,22200.0,1.0,22100.0,1.0,23100.0,1.0,23200.0,1.0,23300.0,1.0,23400.0,1.0,23500.0,1.0,23600.0,1.0,23700.0,1.0,23800.0,1.0,23900.0,1.0,24000.0,1.0
000629.SZ,2020-08-06,09:33:33,23100.0,16800.0,386568000.0,23000.0,1.0,22900.0,1.0,22800.0,1.0,22700.0,1,22600.0,1.0,22500.0,1.0,22400.0,1.0,22300.0,1.0,22200.0,1.0,22100.0,1.0,23100.0,1.0,23200.0,1.0,23300.0,1.0,23400.0,1.0,23500.0,1.0,23600.0,1.0,23700.0,1.0,23800.0,1.0,23900.0,1.0,24000.0,1.0
000629.SZ,2020-08-06,09:33:34,23000.0,394100.0,9064300000.0,23000.0,1.0,22900.0,1.0,22800.0,1.0,22700.0,1,22600.0,1.0,22500.0,1.0,22400.0,1.0,22300.0,1.0,22200.0,1.0,22100.0,1.0,23100.0,1.0,23200.0,1.0,23300.0,1.0,23400.0,1.0,23500.0,1.0,23600.0,1.0,23700.0,1.0,23800.0,1.0,23900.0,1.0,24000.0,1.0
000629.SZ,2020-08-06,09:33:35,23000.0,0.0,0.0,23000.0,1.0,22900.0,1.0,22800.0,1.0,22700.0,1,22600.0,1.0,22500.0,1.0,22400.0,1.0,22300.0,1.0,22200.0,1.0,22100.0,1.0,23100.0,1.0,23200.0,1.0,23300.0,1.0,23400.0,1.0,23500.0,1.0,23600.0,1.0,23700.0,1.0,23800.0,1.0,23900.0,1.0,24000.0,1.0
000629.SZ,2020-08-06,09:33:36,23000.0,10000.0,230000000.0,23000.0,1.0,22900.0,1.0,22800.0,1.0,22700.0,1,22600.0,1.0,22500.0,1.0,22400.0,1.0,22300.0,1.0,22200.0,1.0,22100.0,1.0,23100.0,1.0,23200.0,1.0,23300.0,1.0,23400.0,1.0,23500.0,1.0,23600.0,1.0,23700.0,1.0,23800.0,1.0,23900.0,1.0,24000.0,1.0
000629.SZ,2020-08-06,09:33:37,23000.0,100.0,2300000.0,23000.0,1.0,22900.0,1.0,22800.0,1.0,22700.0,1,22600.0,1.0,22500.0,1.0,22400.0,1.0,22300.0,1.0,22200.0,1.0,22100.0,1.0,23100.0,1.0,23200.0,1.0,23300.0,1.0,23400.0,1.0,23500.0,1.0,23600.0,1.0,23700.0,1.0,23800.0,1.0,23900.0,1.0,24000.0,1.0
000629.SZ,2020-08-06,09:33:38,23000.0,0.0,0.0,23000.0,1.0,22900.0,1.0,22800.0,1.0,22700.0,1,22600.0,1.0,22500.0,1.0,22400.0,1.0,22300.0,1.0,22200.0,1.0,22100.0,1.0,23100.0,1.0,23200.0,1.0,23300.0,1.0,23400.0,1.0,23500.0,1.0,23600.0,1.0,23700.0,1.0,23800.0,1.0,23900.0,1.0,24000.0,1.0
000629.SZ,2020-08-06,09:33:39,23000.0,2600.0,59800000.0,23000.0,1.0,22900.0,1.0,22800.0,1.0,22700.0,1,22600.0,1.0,22500.0,1.0,22400.0,1.0,22300.0,1.0,22200.0,1.0,22100.0,1.0,23100.0,1.0,23200.0,1.0,23300.0,1.0,23400.0,1.0,23500.0,1.0,23600.0,1.0,23700.0,1.0,23800.0,1.0,23900.0,1.0,24000.0,1.0
000629.SZ,2020-08-06,09:33:40,23000.0,105500.0,2426500000.0,23000.0,1.0,22900.0,1.0,22800.0,1.0,22700.0,1,22600.0,1.0,22500.0,1.0,22400.0,1.0,22300.0,1.0,22200.0,1.0,22100.0,1.0,23100.0,1.0,23200.0,1.0,23300.0,1.0,23400.0,1.0,23500.0,1.0,23600.0,1.0,23700.0,1.0,23800.0,1.0,23900.0,1.0,24000.0,1.0
000629.SZ,2020-08-06,09:33:41,23000.0,2200.0,50820000.0,23000.0,1.0,22900.0,1.0,22800.0,1.0,22700.0,1,22600.0,1.0,22500.0,1.0,22400.0,1.0,22300.0,1.0,22200.0,1.0,22100.0,1.0,23100.0,1.0,23200.0,1.0,23300.0,1.0,23400.0,1.0,23500.0,1.0,23600.0,1.0,23700.0,1.0,23800.0,1.0,23900.0,1.0,24000.0,1.0
000629.SZ,2020-08-06,09:33:42,23100.0,10200.0,235599600.0,23000.0,1.0,22900.0,1.0,22800.0,1.0,22700.0,1,22600.0,1.0,22500.0,1.0,22400.0,1.0,22300.0,1.0,22200.0,1.0,22100.0,1.0,23100.0,1.0,23200.0,1.0,23300.0,1.0,23400.0,1.0,23500.0,1.0,23600.0,1.0,23700.0,1.0,23800.0,1.0,23900.0,1.0,24000.0,1.0
000629.SZ,2020-08-06,09:33:43,23000.0,200.0,4600000.0,23000.0,1.0,22900.0,1.0,22800.0,1.0,22700.0,1,22600.0,1.0,22500.0,1.0,22400.0,1.0,22300.0,1.0,22200.0,1.0,22100.0,1.0,23100.0,1.0,23200.0,1.0,23300.0,1.0,23400.0,1.0,23500.0,1.0,23600.0,1.0,23700.0,1.0,23800.0,1.0,23900.0,1.0,24000.0,1.0
000629.SZ,2020-08-06,09:33:44,23000.0,15700.0,361555300.0,23000.0,1.0,22900.0,1.0,22800.0,1.0,22700.0,1,22600.0,1.0,22500.0,1.0,22400.0,1.0,22300.0,1.0,22200.0,1.0,22100.0,1.0,23100.0,1.0,23200.0,1.0,23300.0,1.0,23400.0,1.0,23500.0,1.0,23600.0,1.0,23700.0,1.0,23800.0,1.0,23900.0,1.0,24000.0,1.0
000629.SZ,2020-08-06,09:33:45,23000.0,0.0,0.0,23000.0,1.0,22900.0,1.0,22800.0,1.0,22700.0,1,22600.0,1.0,22500.0,1.0,22400.0,1.0,22300.0,1.0,22200.0,1.0,22100.0,1.0,23100.0,1.0,23200.0,1.0,23300.0,1.0,23400.0,1.0,23500.0,1.0,23600.0,1.0,23700.0,1.0,23800.0,1.0,23900.0,1.0,24000.0,1.0
000629.SZ,2020-08-06,09:33:46,23000.0,0.0,0.0,23000.0,1.0,22900.0,1.0,22800.0,1.0,22700.0,1,22600.0,1.0,22500.0,1.0,22400.0,1.0,22300.0,1.0,22200.0,1.0,22100.0,1.0,23100.0,1.0,23200.0,1.0,23300.0,1.0,23400.0,1.0,23500.0,1.0,23600.0,1.0,23700.0,1.0,23800.0,1.0,23900.0,1.0,24000.0,1.0
000629.SZ,2020-08-06,09:33:47,23000.0,0.0,0.0,23000.0,1.0,22900.0,1.0,22800.0,1.0,22700.0,1,22600.0,1.0,22500.0,1.0,22400.0,1.0,22300.0,1.0,22200.0,1.0,22100.0,1.0,23100.0,1.0,23200.0,1.0,23300.0,1.0,23400.0,1.0,23500.0,1.0,23600.0,1.0,23700.0,1.0,23800.0,1.0,23900.0,1.0,24000.0,1.0
000629.SZ,2020-08-06,09:33:48,23000.0,35000.0,805000000.0,23000.0,1.0,22900.0,1.0,22800.0,1.0,22700.0,1,22600.0,1.0,22500.0,1.0,22400.0,1.0,22300.0,1.0,22200.0,1.0,22100.0,1.0,23100.0,1.0,23200.0,1.0,23300.0,1.0,23400.0,1.0,23500.0,1.0,23600.0,1.0,23700.0,1.0,23800.0,1.0,23900.0,1.0,24000.0,1.0
000629.SZ,2020-08-06,09:33:49,23000.0,5800.0,133475400.0,23000.0,1.0,22900.0,1.0,22800.0,1.0,22700.0,1,22600.0,1.0,22500.0,1.0,22400.0,1.0,22300.0,1.0,22200.0,1.0,22100.0,1.0,23100.0,1.0,23200.0,1.0,23300.0,1.0,23400.0,1.0,23500.0,1.0,23600.0,1.0,23700.0,1.0,23800.0,1.0,23900.0,1.0,24000.0,1.0
000629.SZ,2020-08-06,09:33:50,23000.0,20300.0,466900000.0,23000.0,1.0,22900.0,1.0,22800.0,1.0,22700.0,1,22600.0,1.0,22500.0,1.0,22400.0,1.0,22300.0,1.0,22200.0,1.0,22100.0,1.0,23100.0,1.0,23200.0,1.0,23300.0,1.0,23400.0,1.0,23500.0,1.0,23600.0,1.0,23700.0,1.0,23800.0,1.0,23900.0,1.0,24000.0,1.0
000629.SZ,2020-08-06,09:33:51,23000.0,10000.0,230000000.0,23000.0,1.0,22900.0,1.0,22800.0,1.0,22700.0,1,22600.0,1.0,22500.0,1.0,22400.0,1.0,22300.0,1.0,22200.0,1.0,22100.0,1.0,23100.0,1.0,23200.0,1.0,23300.0,1.0,23400.0,1.0,23500.0,1.0,23600.0,1.0,23700.0,1.0,23800.0,1.0,23900.0,1.0,24000.0,1.0
000629.SZ,2020-08-06,09:33:52,23000.0,0.0,0.0,23000.0,1.0,22900.0,1.0,22800.0,1.0,22700.0,1,22600.0,1.0,22500.0,1.0,22400.0,1.0,22300.0,1.0,22200.0,1.0,22100.0,1.0,23100.0,1.0,23200.0,1.0,23300.0,1.0,23400.0,1.0,23500.0,1.0,23600.0,1.0,23700.0,1.0,23800.0,1.0,23900.0,1.0,24000.0,1.0
000629.SZ,2020-08-06,09:33:53,23000.0,30000.0,690000000.0,23000.0,1.0,22900.0,1.0,22800.0,1.0,22700.0,1,22600.0,1.0,22500.0,1.0,22400.0,1.0,22300.0,1.0,22200.0,1.0,22100.0,1.0,23100.0,1.0,23200.0,1.0,23300.0,1.0,23400.0,1.0,23500.0,1.0,23600.0,1.0,23700.0,1.0,23800.0,1.0,23900.0,1.0,24000.0,1.0
000629.SZ,2020-08-06,09:33:54,23000.0,40100.0,922300000.0,23000.0,1.0,22900.0,1.0,22800.0,1.0,22700.0,1,22600.0,1.0,22500.0,1.0,22400.0,1.0,22300.0,1.0,22200.0,1.0,22100.0,1.0,23100.0,1.0,23200.0,1.0,23300.0,1.0,23400.0,1.0,23500.0,1.0,23600.0,1.0,23700.0,1.0,23800.0,1.0,23900.0,1.0,24000.0,1.0
000629.SZ,2020-08-06,09:33:55,23000.0,0.0,0.0,23000.0,1.0,22900.0,1.0,22800.0,1.0,22700.0,1,22600.0,1.0,22500.0,1.0,22400.0,1.0,22300.0,1.0,22200.0,1.0,22100.0,1.0,23100.0,1.0,23200.0,1.0,23300.0,1.0,23400.0,1.0,23500.0,1.0,23600.0,1.0,23700.0,1.0,23800.0,1.0,23900.0,1.0,24000.0,1.0
000629.SZ,2020-08-06,09:33:56,23000.0,900.0,20700000.0,23000.0,1.0,22900.0,1.0,22800.0,1.0,22700.0,1,22600.0,1.0,22500.0,1.0,22400.0,1.0,22300.0,1.0,22200.0,1.0,22100.0,1.0,23100.0,1.0,23200.0,1.0,23300.0,1.0,23400.0,1.0,23500.0,1.0,23600.0,1.0,23700.0,1.0,23800.0,1.0,23900.0,1.0,24000.0,1.0
000629.SZ,2020-08-06,09:33:57,23000.0,200.0,4620000.0,23000.0,1.0,22900.0,1.0,22800.0,1.0,22700.0,1,22600.0,1.0,22500.0,1.0,22400.0,1.0,22300.0,1.0,22200.0,1.0,22100.0,1.0,23100.0,1.0,23200.0,1.0,23300.0,1.0,23400.0,1.0,23500.0,1.0,23600.0,1.0,23700.0,1.0,23800.0,1.0,23900.0,1.0,24000.0,1.0
000629.SZ,2020-08-06,09:33:58,23100.0,0.0,0.0,23000.0,1.0,22900.0,1.0,22800.0,1.0,22700.0,1,22600.0,1.0,22500.0,1.0,22400.0,1.0,22300.0,1.0,22200.0,1.0,22100.0,1.0,23100.0,1.0,23200.0,1.0,23300.0,1.0,23400.0,1.0,23500.0,1.0,23600.0,1.0,23700.0,1.0,23800.0,1.0,23900.0,1.0,24000.0,1.0
000629.SZ,2020-08-06,09:33:59,23100.0,0.0,0.0,23000.0,1.0,22900.0,1.0,22800.0,1.0,22700.0,1,22600.0,1.0,22500.0,1.0,22400.0,1.0,22300.0,1.0,22200.0,1.0,22100.0,1.0,23100.0,1.0,23200.0,1.0,23300.0,1.0,23400.0,1.0,23500.0,1.0,23600.0,1.0,23700.0,1.0,23800.0,1.0,23900.0,1.0,24000.0,1.0
000629.SZ,2020-08-06,09:34:00,23100.0,0.0,0.0,23000.0,1.0,22900.0,1.0,22800.0,1.0,22700.0,1,22600.0,1.0,22500.0,1.0,22400.0,1.0,22300.0,1.0,22200.0,1.0,22100.0,1.0,23100.0,1.0,23200.0,1.0,23300.0,1.0,23400.0,1.0,23500.0,1.0,23600.0,1.0,23700.0,1.0,23800.0,1.0,23900.0,1.0,24000.0,1.0
000629.SZ,2020-08-06,09:34:01,23100.0,1000.0,23100000.0,23000.0,1.0,22900.0,1.0,22800.0,1.0,22700.0,1,22600.0,1.0,22500.0,1.0,22400.0,1.0,22300.0,1.0,22200.0,1.0,22100.0,1.0,23100.0,1.0,23200.0,1.0,23300.0,1.0,23400.0,1.0,23500.0,1.0,23600.0,1.0,23700.0,1.0,23800.0,1.0,23900.0,1.0,24000.0,1.0
000629.SZ,2020-08-06,09:34:02,23100.0,1500.0,34650000.0,23000.0,1.0,22900.0,1.0,22800.0,1.0,22700.0,1,22600.0,1.0,22500.0,1.0,22400.0,1.0,22300.0,1.0,22200.0,1.0,22100.0,1.0,23100.0,1.0,23200.0,1.0,23300.0,1.0,23400.0,1.0,23500.0,1.0,23600.0,1.0,23700.0,1.0,23800.0,1.0,23900.0,1.0,24000.0,1.0
000629.SZ,2020-08-06,09:34:03,23100.0,0.0,0.0,23000.0,1.0,22900.0,1.0,22800.0,1.0,22700.0,1,22600.0,1.0,22500.0,1.0,22400.0,1.0,22300.0,1.0,22200.0,1.0,22100.0,1.0,23100.0,1.0,23200.0,1.0,23300.0,1.0,23400.0,1.0,23500.0,1.0,23600.0,1.0,23700.0,1.0,23800.0,1.0,23900.0,1.0,24000.0,1.0
000629.SZ,2020-08-06,09:34:04,23100.0,0.0,0.0,23000.0,1.0,22900.0,1.0,22800.0,1.0,22700.0,1,22600.0,1.0,22500.0,1.0,22400.0,1.0,22300.0,1.0,22200.0,1.0,22100.0,1.0,23100.0,1.0,23200.0,1.0,23300.0,1.0,23400.0,1.0,23500.0,1.0,23600.0,1.0,23700.0,1.0,23800.0,1.0,23900.0,1.0,24000.0,1.0
000629.SZ,2020-08-06,09:34:05,23100.0,1300.0,30019600.0,23000.0,1.0,22900.0,1.0,22800.0,1.0,22700.0,1,22600.0,1.0,22500.0,1.0,22400.0,1.0,22300.0,1.0,22200.0,1.0,22100.0,1.0,23100.0,1.0,23200.0,1.0,23300.0,1.0,23400.0,1.0,23500.0,1.0,23600.0,1.0,23700.0,1.0,23800.0,1.0,23900.0,1.0,24000.0,1.0
000629.SZ,2020-08-06,09:34:06,23000.0,0.0,0.0,23000.0,1.0,22900.0,1.0,22800.0,1.0,22700.0,1,22600.0,1.0,22500.0,1.0,22400.0,1.0,22300.0,1.0,22200.0,1.0,22100.0,1.0,23100.0,1.0,23200.0,1.0,23300.0,1.0,23400.0,1.0,23500.0,1.0,23600.0,1.0,23700.0,1.0,23800.0,1.0,23900.0,1.0,24000.0,1.0
000629.SZ,2020-08-06,09:34:07,23000.0,0.0,0.0,23000.0,1.0,22900.0,1.0,22800.0,1.0,22700.0,1,22600.0,1.0,22500.0,1.0,22400.0,1.0,22300.0,1.0,22200.0,1.0,22100.0,1.0,23100.0,1.0,23200.0,1.0,23300.0,1.0,23400.0,1.0,23500.0,1.0,23600.0,1.0,23700.0,1.0,23800.0,1.0,23900.0,1.0,24000.0,1.0
000629.SZ,2020-08-06,09:34:08,23000.0,500.0,11550000.0,23000.0,1.0,22900.0,1.0,22800.0,1.0,22700.0,1,22600.0,1.0,22500.0,1.0,22400.0,1.0,22300.0,1.0,22200.0,1.0,22100.0,1.0,23100.0,1.0,23200.0,1.0,23300.0,1.0,23400.0,1.0,23500.0,1.0,23600.0,1.0,23700.0,1.0,23800.0,1.0,23900.0,1.0,24000.0,1.0
000629.SZ,2020-08-06,09:34:09,23100.0,10700.0,247095100.0,23000.0,1.0,22900.0,1.0,22800.0,1.0,22700.0,1,22600.0,1.0,22500.0,1.0,22400.0,1.0,22300.0,1.0,22200.0,1.0,22100.0,1.0,23100.0,1.0,23200.0,1.0,23300.0,1.0,23400.0,1.0,23500.0,1.0,23600.0,1.0,23700.0,1.0,23800.0,1.0,23900.0,1.0,24000.0,1.0
000629.SZ,2020-08-06,09:34:10,23000.0,0.0,0.0,23000.0,1.0,22900.0,1.0,22800.0,1.0,22700.0,1,22600.0,1.0,22500.0,1.0,22400.0,1.0,22300.0,1.0,22200.0,1.0,22100.0,1.0,23100.0,1.0,23200.0,1.0,23300.0,1.0,23400.0,1.0,23500.0,1.0,23600.0,1.0,23700.0,1.0,23800.0,1.0,23900.0,1.0,24000.0,1.0
000629.SZ,2020-08-06,09:34:11,23000.0,0.0,0.0,23000.0,1.0,22900.0,1.0,22800.0,1.0,22700.0,1,22600.0,1.0,22500.0,1.0,22400.0,1.0,22300.0,1.0,22200.0,1.0,22100.0,1.0,23100.0,1.0,23200.0,1.0,23300.0,1.0,23400.0,1.0,23500.0,1.0,23600.0,1.0,23700.0,1.0,23800.0,1.0,23900.0,1.0,24000.0,1.0
000629.SZ,2020-08-06,09:34:12,23000.0,0.0,0.0,23000.0,1.0,22900.0,1.0,22800.0,1.0,22700.0,1,22600.0,1.0,22500.0,1.0,22400.0,1.0,22300.0,1.0,22200.0,1.0,22100.0,1.0,23100.0,1.0,23200.0,1.0,23300.0,1.0,23400.0,1.0,23500.0,1.0,23600.0,1.0,23700.0,1.0,23800.0,1.0,23900.0,1.0,24000.0,1.0
000629.SZ,2020-08-06,09:34:13,23000.0,500.0,11550000.0,23000.0,1.0,22900.0,1.0,22800.0,1.0,22700.0,1,22600.0,1.0,22500.0,1.0,22400.0,1.0,22300.0,1.0,22200.0,1.0,22100.0,1.0,23100.0,1.0,23200.0,1.0,23300.0,1.0,23400.0,1.0,23500.0,1.0,23600.0,1.0,23700.0,1.0,23800.0,1.0,23900.0,1.0,24000.0,1.0
000629.SZ,2020-08-06,09:34:14,23100.0,0.0,0.0,23000.0,1.0,22900.0,1.0,22800.0,1.0,22700.0,1,22600.0,1.0,22500.0,1.0,22400.0,1.0,22300.0,1.0,22200.0,1.0,22100.0,1.0,23100.0,1.0,23200.0,1.0,23300.0,1.0,23400.0,1.0,23500.0,1.0,23600.0,1.0,23700.0,1.0,23800.0,1.0,23900.0,1.0,24000.0,1.0
000629.SZ,2020-08-06,09:34:15,23100.0,0.0,0.0,23000.0,1.0,22900.0,1.0,22800.0,1.0,22700.0,1,22600.0,1.0,22500.0,1.0,22400.0,1.0,22300.0,1.0,22200.0,1.0,22100.0,1.0,23100.0,1.0,23200.0,1.0,23300.0,1.0,23400.0,1.0,23500.0,1.0,23600.0,1.0,23700.0,1.0,23800.0,1.0,23900.0,1.0,24000.0,1.0
000629.SZ,2020-08-06,09:34:16,23100.0,0.0,0.0,23000.0,1.0,22900.0,1.0,22800.0,1.0,22700.0,1,22600.0,1.0,22500.0,1.0,22400.0,1.0,22300.0,1.0,22200.0,1.0,22100.0,1.0,23100.0,1.0,23200.0,1.0,23300.0,1.0,23400.0,1.0,23500.0,1.0,23600.0,1.0,23700.0,1.0,23800.0,1.0,23900.0,1.0,24000.0,1.0
000629.SZ,2020-08-06,09:34:17,23100.0,6400.0,147840000.0,23000.0,1.0,22900.0,1.0,22800.0,1.0,22700.0,1,22600.0,1.0,22500.0,1.0,22400.0,1.0,22300.0,1.0,22200.0,1.0,22100.0,1.0,23100.0,1.0,23200.0,1.0,23300.0,1.0,23400.0,1.0,23500.0,1.0,23600.0,1.0,23700.0,1.0,23800.0,1.0,23900.0,1.0,24000.0,1.0
000629.SZ,2020-08-06,09:34:18,23100.0,1000.0,23000000.0,23000.0,1.0,22900.0,1.0,22800.0,1.0,22700.0,1,22600.0,1.0,22500.0,1.0,22400.0,1.0,22300.0,1.0,22200.0,1.0,22100.0,1.0,23100.0,1.0,23200.0,1.0,23300.0,1.0,23400.0,1.0,23500.0,1.0,23600.0,1.0,23700.0,1.0,23800.0,1.0,23900.0,1.0,24000.0,1.0
000629.SZ,2020-08-06,09:34:19,23000.0,7200.0,166320000.0,23000.0,1.0,22900.0,1.0,22800.0,1.0,22700.0,1,22600.0,1.0,22500.0,1.0,22400.0,1.0,22300.0,1.0,22200.0,1.0,22100.0,1.0,23100.0,1.0,23200.0,1.0,23300.0,1.0,23400.0,1.0,23500.0,1.0,23600.0,1.0,23700.0,1.0,23800.0,1.0,23900.0,1.0,24000.0,1.0
000629.SZ,2020-08-06,09:34:20,23100.0,10000.0,231000000.0,23000.0,1.0,22900.0,1.0,22800.0,1.0,22700.0,1,22600.0,1.0,22500.0,1.0,22400.0,1.0,22300.0,1.0,22200.0,1.0,22100.0,1.0,23100.0,1.0,23200.0,1.0,23300.0,1.0,23400.0,1.0,23500.0,1.0,23600.0,1.0,23700.0,1.0,23800.0,1.0,23900.0,1.0,24000.0,1.0
000629.SZ,2020-08-06,09:34:21,23100.0,3300.0,75900000.0,23000.0,1.0,22900.0,1.0,22800.0,1.0,22700.0,1,22600.0,1.0,22500.0,1.0,22400.0,1.0,22300.0,1.0,22200.0,1.0,22100.0,1.0,23100.0,1.0,23200.0,1.0,23300.0,1.0,23400.0,1.0,23500.0,1.0,23600.0,1.0,23700.0,1.0,23800.0,1.0,23900.0,1.0,24000.0,1.0
000629.SZ,2020-08-06,09:34:22,23000.0,0.0,0.0,23000.0,1.0,22900.0,1.0,22800.0,1.0,22700.0,1,22600.0,1.0,22500.0,1.0,22400.0,1.0,22300.0,1.0,22200.0,1.0,22100.0,1.0,23100.0,1.0,23200.0,1.0,23300.0,1.0,23400.0,1.0,23500.0,1.0,23600.0,1.0,23700.0,1.0,23800.0,1.0,23900.0,1.0,24000.0,1.0
000629.SZ,2020-08-06,09:34:23,23000.0,0.0,0.0,23000.0,1.0,22900.0,1.0,22800.0,1.0,22700.0,1,22600.0,1.0,22500.0,1.0,22400.0,1.0,22300.0,1.0,22200.0,1.0,22100.0,1.0,23100.0,1.0,23200.0,1.0,23300.0,1.0,23400.0,1.0,23500.0,1.0,23600.0,1.0,23700.0,1.0,23800.0,1.0,23900.0,1.0,24000.0,1.0
000629.SZ,2020-08-06,09:34:24,23000.0,17400.0,400200000.0,23000.0,1.0,22900.0,1.0,22800.0,1.0,22700.0,1,22600.0,1.0,22500.0,1.0,22400.0,1.0,22300.0,1.0,22200.0,1.0,22100.0,1.0,23100.0,1.0,23200.0,1.0,23300.0,1.0,23400.0,1.0,23500.0,1.0,23600.0,1.0,23700.0,1.0,23800.0,1.0,23900.0,1.0,24000.0,1.0
000629.SZ,2020-08-06,09:34:25,23000.0,30300.0,696900000.0,23000.0,1.0,22900.0,1.0,22800.0,1.0,22700.0,1,22600.0,1.0,22500.0,1.0,22400.0,1.0,22300.0,1.0,22200.0,1.0,22100.0,1.0,23100.0,1.0,23200.0,1.0,23300.0,1.0,23400.0,1.0,23500.0,1.0,23600.0,1.0,23700.0,1.0,23800.0,1.0,23900.0,1.0,24000.0,1.0
000629.SZ,2020-08-06,09:34:26,23000.0,0.0,0.0,23000.0,1.0,22900.0,1.0,22800.0,1.0,22700.0,1,22600.0,1.0,22500.0,1.0,22400.0,1.0,22300.0,1.0,22200.0,1.0,22100.0,1.0,23100.0,1.0,23200.0,1.0,23300.0,1.0,23400.0,1.0,23500.0,1.0,23600.0,1.0,23700.0,1.0,23800.0,1.0,23900.0,1.0,24000.0,1.0
000629.SZ,2020-08-06,09:34:27,23000.0,100.0,2300000.0,23000.0,1.0,22900.0,1.0,22800.0,1.0,22700.0,1,22600.0,1.0,22500.0,1.0,22400.0,1.0,22300.0,1.0,22200.0,1.0,22100.0,1.0,23100.0,1.0,23200.0,1.0,23300.0,1.0,23400.0,1.0,23500.0,1.0,23600.0,1.0,23700.0,1.0,23800.0,1.0,23900.0,1.0,24000.0,1.0
000629.SZ,2020-08-06,09:34:28,23000.0,15000.0,345000000.0,23000.0,1.0,22900.0,1.0,22800.0,1.0,22700.0,1,22600.0,1.0,22500.0,1.0,22400.0,1.0,22300.0,1.0,22200.0,1.0,22100.0,1.0,23100.0,1.0,23200.0,1.0,23300.0,1.0,23400.0,1.0,23500.0,1.0,23600.0,1.0,23700.0,1.0,23800.0,1.0,23900.0,1.0,24000.0,1.0
000629.SZ,2020-08-06,09:34:29,23000.0,100.0,2310000.0,23000.0,1.0,22900.0,1.0,22800.0,1.0,22700.0,1,22600.0,1.0,22500.0,1.0,22400.0,1.0,22300.0,1.0,22200.0,1.0,22100.0,1.0,23100.0,1.0,23200.0,1.0,23300.0,1.0,23400.0,1.0,23500.0,1.0,23600.0,1.0,23700.0,1.0,23800.0,1.0,23900.0,1.0,24000.0,1.0
000629.SZ,2020-08-06,09:34:30,23100.0,1200.0,27720000.0,23000.0,1.0,22900.0,1.0,22800.0,1.0,22700.0,1,22600.0,1.0,22500.0,1.0,22400.0,1.0,22300.0,1.0,22200.0,1.0,22100.0,1.0,23100.0,1.0,23200.0,1.0,23300.0,1.0,23400.0,1.0,23500.0,1.0,23600.0,1.0,23700.0,1.0,23800.0,1.0,23900.0,1.0,24000.0,1.0
000629.SZ,2020-08-06,09:34:31,23100.0,6400.0,147200000.0,23000.0,1.0,22900.0,1.0,22800.0,1.0,22700.0,1,22600.0,1.0,22500.0,1.0,22400.0,1.0,22300.0,1.0,22200.0,1.0,22100.0,1.0,23100.0,1.0,23200.0,1.0,23300.0,1.0,23400.0,1.0,23500.0,1.0,23600.0,1.0,23700.0,1.0,23800.0,1.0,23900.0,1.0,24000.0,1.0
000629.SZ,2020-08-06,09:34:32,23000.0,2000.0,46200000.0,23000.0,1.0,22900.0,1.0,22800.0,1.0,22700.0,1,22600.0,1.0,22500.0,1.0,22400.0,1.0,22300.0,1.0,22200.0,1.0,22100.0,1.0,23100.0,1.0,23200.0,1.0,23300.0,1.0,23400.0,1.0,23500.0,1.0,23600.0,1.0,23700.0,1.0,23800.0,1.0,23900.0,1.0,24000.0,1.0
000629.SZ,2020-08-06,09:34:33,23100.0,0.0,0.0,23000.0,1.0,22900.0,1.0,22800.0,1.0,22700.0,1,22600.0,1.0,22500.0,1.0,22400.0,1.0,22300.0,1.0,22200.0,1.0,22100.0,1.0,23100.0,1.0,23200.0,1.0,23300.0,1.0,23400.0,1.0,23500.0,1.0,23600.0,1.0,23700.0,1.0,23800.0,1.0,23900.0,1.0,24000.0,1.0
000629.SZ,2020-08-06,09:34:34,23100.0,0.0,0.0,23000.0,1.0,22900.0,1.0,22800.0,1.0,22700.0,1,22600.0,1.0,22500.0,1.0,22400.0,1.0,22300.0,1.0,22200.0,1.0,22100.0,1.0,23100.0,1.0,23200.0,1.0,23300.0,1.0,23400.0,1.0,23500.0,1.0,23600.0,1.0,23700.0,1.0,23800.0,1.0,23900.0,1.0,24000.0,1.0
000629.SZ,2020-08-06,09:34:35,23100.0,20000.0,462000000.0,23000.0,1.0,22900.0,1.0,22800.0,1.0,22700.0,1,22600.0,1.0,22500.0,1.0,22400.0,1.0,22300.0,1.0,22200.0,1.0,22100.0,1.0,23100.0,1.0,23200.0,1.0,23300.0,1.0,23400.0,1.0,23500.0,1.0,23600.0,1.0,23700.0,1.0,23800.0,1.0,23900.0,1.0,24000.0,1.0
000629.SZ,2020-08-06,09:34:36,23100.0,0.0,0.0,23000.0,1.0,22900.0,1.0,22800.0,1.0,22700.0,1,22600.0,1.0,22500.0,1.0,22400.0,1.0,22300.0,1.0,22200.0,1.0,22100.0,1.0,23100.0,1.0,23200.0,1.0,23300.0,1.0,23400.0,1.0,23500.0,1.0,23600.0,1.0,23700.0,1.0,23800.0,1.0,23900.0,1.0,24000.0,1.0
000629.SZ,2020-08-06,09:34:37,23100.0,0.0,0.0,23000.0,1.0,22900.0,1.0,22800.0,1.0,22700.0,1,22600.0,1.0,22500.0,1.0,22400.0,1.0,22300.0,1.0,22200.0,1.0,22100.0,1.0,23100.0,1.0,23200.0,1.0,23300.0,1.0,23400.0,1.0,23500.0,1.0,23600.0,1.0,23700.0,1.0,23800.0,1.0,23900.0,1.0,24000.0,1.0
000629.SZ,2020-08-06,09:34:38,23100.0,1100.0,25300000.0,23000.0,1.0,22900.0,1.0,22800.0,1.0,22700.0,1,22600.0,1.0,22500.0,1.0,22400.0,1.0,22300.0,1.0,22200.0,1.0,22100.0,1.0,23100.0,1.0,23200.0,1.0,23300.0,1.0,23400.0,1.0,23500.0,1.0,23600.0,1.0,23700.0,1.0,23800.0,1.0,23900.0,1.0,24000.0,1.0
000629.SZ,2020-08-06,09:34:39,23000.0,0.0,0.0,23000.0,1.0,22900.0,1.0,22800.0,1.0,22700.0,1,22600.0,1.0,22500.0,1.0,22400.0,1.0,22300.0,1.0,22200.0,1.0,22100.0,1.0,23100.0,1.0,23200.0,1.0,23300.0,1.0,23400.0,1.0,23500.0,1.0,23600.0,1.0,23700.0,1.0,23800.0,1.0,23900.0,1.0,24000.0,1.0
000629.SZ,2020-08-06,09:34:40,23000.0,1400.0,32200000.0,23000.0,1.0,22900.0,1.0,22800.0,1.0,22700.0,1,22600.0,1.0,22500.0,1.0,22400.0,1.0,22300.0,1.0,22200.0,1.0,22100.0,1.0,23100.0,1.0,23200.0,1.0,23300.0,1.0,23400.0,1.0,23500.0,1.0,23600.0,1.0,23700.0,1.0,23800.0,1.0,23900.0,1.0,24000.0,1.0
000629.SZ,2020-08-06,09:34:41,23000.0,27700.0,639870000.0,23000.0,1.0,22900.0,1.0,22800.0,1.0,22700.0,1,22600.0,1.0,22500.0,1.0,22400.0,1.0,22300.0,1.0,22200.0,1.0,22100.0,1.0,23100.0,1.0,23200.0,1.0,23300.0,1.0,23400.0,1.0,23500.0,1.0,23600.0,1.0,23700.0,1.0,23800.0,1.0,23900.0,1.0,24000.0,1.0
000629.SZ,2020-08-06,09:34:42,23100.0,0.0,0.0,23000.0,1.0,22900.0,1.0,22800.0,1.0,22700.0,1,22600.0,1.0,22500.0,1.0,22400.0,1.0,22300.0,1.0,22200.0,1.0,22100.0,1.0,23100.0,1.0,23200.0,1.0,23300.0,1.0,23400.0,1.0,23500.0,1.0,23600.0,1.0,23700.0,1.0,23800.0,1.0,23900.0,1.0,24000.0,1.0
000629.SZ,2020-08-06,09:34:43,23100.0,12100.0,278408900.0,23000.0,1.0,22900.0,1.0,22800.0,1.0,22700.0,1,22600.0,1.0,22500.0,1.0,22400.0,1.0,22300.0,1.0,22200.0,1.0,22100.0,1.0,23100.0,1.0,23200.0,1.0,23300.0,1.0,23400.0,1.0,23500.0,1.0,23600.0,1.0,23700.0,1.0,23800.0,1.0,23900.0,1.0,24000.0,1.0
000629.SZ,2020-08-06,09:34:44,23000.0,0.0,0.0,23000.0,1.0,22900.0,1.0,22800.0,1.0,22700.0,1,22600.0,1.0,22500.0,1.0,22400.0,1.0,22300.0,1.0,22200.0,1.0,22100.0,1.0,23100.0,1.0,23200.0,1.0,23300.0,1.0,23400.0,1.0,23500.0,1.0,23600.0,1.0,23700.0,1.0,23800.0,1.0,23900.0,1.0,24000.0,1.0
000629.SZ,2020-08-06,09:34:45,23000.0,0.0,0.0,23000.0,1.0,22900.0,1.0,22800.0,1.0,22700.0,1,22600.0,1.0,22500.0,1.0,22400.0,1.0,22300.0,1.0,22200.0,1.0,22100.0,1.0,23100.0,1.0,23200.0,1.0,23300.0,1.0,23400.0,1.0,23500.0,1.0,23600.0,1.0,23700.0,1.0,23800.0,1.0,23900.0,1.0,24000.0,1.0
000629.SZ,2020-08-06,09:34:46,23000.0,0.0,0.0,23000.0,1.0,22900.0,1.0,22800.0,1.0,22700.0,1,22600.0,1.0,22500.0,1.0,22400.0,1.0,22300.0,1.0,22200.0,1.0,22100.0,1.0,23100.0,1.0,23200.0,1.0,23300.0,1.0,23400.0,1.0,23500.0,1.0,23600.0,1.0,23700.0,1.0,23800.0,1.0,23900.0,1.0,24000.0,1.0
000629.SZ,2020-08-06,09:34:47,23000.0,0.0,0.0,23000.0,1.0,22900.0,1.0,22800.0,1.0,22700.0,1,22600.0,1.0,22500.0,1.0,22400.0,1.0,22300.0,1.0,22200.0,1.0,22100.0,1.0,23100.0,1.0,23200.0,1.0,23300.0,1.0,23400.0,1.0,23500.0,1.0,23600.0,1.0,23700.0,1.0,23800.0,1.0,23900.0,1.0,24000.0,1.0
000629.SZ,2020-08-06,09:34:48,23000.0,1013800.0,23418780000.0,23000.0,1.0,22900.0,1.0,22800.0,1.0,22700.0,1,22600.0,1.0,22500.0,1.0,22400.0,1.0,22300.0,1.0,22200.0,1.0,22100.0,1.0,23100.0,1.0,23200.0,1.0,23300.0,1.0,23400.0,1.0,23500.0,1.0,23600.0,1.0,23700.0,1.0,23800.0,1.0,23900.0,1.0,24000.0,1.0
000629.SZ,2020-08-06,09:34:49,23100.0,127300.0,2939738900.0,23000.0,1.0,22900.0,1.0,22800.0,1.0,22700.0,1,22600.0,1.0,22500.0,1.0,22400.0,1.0,22300.0,1.0,22200.0,1.0,22100.0,1.0,23100.0,1.0,23200.0,1.0,23300.0,1.0,23400.0,1.0,23500.0,1.0,23600.0,1.0,23700.0,1.0,23800.0,1.0,23900.0,1.0,24000.0,1.0
000629.SZ,2020-08-06,09:34:50,23000.0,178600.0,4125660000.0,23000.0,1.0,22900.0,1.0,22800.0,1.0,22700.0,1,22600.0,1.0,22500.0,1.0,22400.0,1.0,22300.0,1.0,22200.0,1.0,22100.0,1.0,23100.0,1.0,23200.0,1.0,23300.0,1.0,23400.0,1.0,23500.0,1.0,23600.0,1.0,23700.0,1.0,23800.0,1.0,23900.0,1.0,24000.0,1.0
000629.SZ,2020-08-06,09:34:51,23100.0,110900.0,2561790000.0,23100.0,1.0,23000.0,1.0,22900.0,1.0,22800.0,1,22700.0,1.0,22600.0,1.0,22500.0,1.0,22400.0,1.0,22300.0,1.0,22200.0,1.0,23200.0,1.0,23300.0,1.0,23400.0,1.0,23500.0,1.0,23600.0,1.0,23700.0,1.0,23800.0,1.0,23900.0,1.0,24000.0,1.0,24100.0,1.0
000629.SZ,2020-08-06,09:34:52,23100.0,41700.0,963270000.0,23000.0,1.0,22900.0,1.0,22800.0,1.0,22700.0,1,22600.0,1.0,22500.0,1.0,22400.0,1.0,22300.0,1.0,22200.0,1.0,22100.0,1.0,23100.0,0.9,23200.0,1.0,23300.0,1.0,23400.0,1.0,23500.0,1.0,23600.0,1.0,23700.0,1.0,23800.0,1.0,23900.0,1.0,24000.0,1.0
000629.SZ,2020-08-06,09:34:53,23100.0,0.0,0.0,23000.0,1.0,22900.0,1.0,22800.0,1.0,22700.0,1,22600.0,1.0,22500.0,1.0,22400.0,1.0,22300.0,1.0,22200.0,1.0,22100.0,1.0,23100.0,0.9,23200.0,1.0,23300.0,1.0,23400.0,1.0,23500.0,1.0,23600.0,1.0,23700.0,1.0,23800.0,1.0,23900.0,1.0,24000.0,1.0
000629.SZ,2020-08-06,09:34:54,23100.0,700.0,16170000.0,23000.0,1.0,22900.0,1.0,22800.0,1.0,22700.0,1,22600.0,1.0,22500.0,1.0,22400.0,1.0,22300.0,1.0,22200.0,1.0,22100.0,1.0,23100.0,0.9,23200.0,1.0,23300.0,1.0,23400.0,1.0,23500.0,1.0,23600.0,1.0,23700.0,1.0,23800.0,1.0,23900.0,1.0,24000.0,1.0
000629.SZ,2020-08-06,09:34:55,23100.0,162300.0,3765360000.0,23100.0,1.0,23000.0,1.0,22900.0,1.0,22800.0,1,22700.0,1.0,22600.0,1.0,22500.0,1.0,22400.0,1.0,22300.0,1.0,22200.0,1.0,23200.0,1.0,23300.0,1.0,23400.0,1.0,23500.0,1.0,23600.0,1.0,23700.0,1.0,23800.0,1.0,23900.0,1.0,24000.0,1.0,24100.0,1.0
000629.SZ,2020-08-06,09:34:56,23200.0,0.0,0.0,23100.0,1.0,23000.0,1.0,22900.0,1.0,22800.0,1,22700.0,1.0,22600.0,1.0,22500.0,1.0,22400.0,1.0,22300.0,1.0,22200.0,1.0,23200.0,1.0,23300.0,1.0,23400.0,1.0,23500.0,1.0,23600.0,1.0,23700.0,1.0,23800.0,1.0,23900.0,1.0,24000.0,1.0,24100.0,1.0
000629.SZ,2020-08-06,09:34:57,23200.0,23700.0,549840000.0,23100.0,1.0,23000.0,1.0,22900.0,1.0,22800.0,1,22700.0,1.0,22600.0,1.0,22500.0,1.0,22400.0,1.0,22300.0,1.0,22200.0,1.0,23200.0,1.0,23300.0,1.0,23400.0,1.0,23500.0,1.0,23600.0,1.0,23700.0,1.0,23800.0,1.0,23900.0,1.0,24000.0,1.0,24100.0,1.0
000629.SZ,2020-08-06,09:34:58,23200.0,17200.0,398816400.0,23100.0,1.0,23000.0,1.0,22900.0,1.0,22800.0,1,22700.0,1.0,22600.0,1.0,22500.0,1.0,22400.0,1.0,22300.0,1.0,22200.0,1.0,23200.0,1.0,23300.0,1.0,23400.0,1.0,23500.0,1.0,23600.0,1.0,23700.0,1.0,23800.0,1.0,23900.0,1.0,24000.0,1.0,24100.0,1.0
000629.SZ,2020-08-06,09:34:59,23200.0,0.0,0.0,23100.0,1.0,23000.0,1.0,22900.0,1.0,22800.0,1,22700.0,1.0,22600.0,1.0,22500.0,1.0,22400.0,1.0,22300.0,1.0,22200.0,1.0,23200.0,1.0,23300.0,1.0,23400.0,1.0,23500.0,1.0,23600.0,1.0,23700.0,1.0,23800.0,1.0,23900.0,1.0,24000.0,1.0,24100.0,1.0
000629.SZ,2020-08-06,09:35:00,23200.0,400.0,9240000.0,23100.0,1.0,23000.0,1.0,22900.0,1.0,22800.0,1,22700.0,1.0,22600.0,1.0,22500.0,1.0,22400.0,1.0,22300.0,1.0,22200.0,1.0,23200.0,1.0,23300.0,1.0,23400.0,1.0,23500.0,1.0,23600.0,1.0,23700.0,1.0,23800.0,1.0,23900.0,1.0,24000.0,1.0,24100.0,1.0
000629.SZ,2020-08-06,09:35:01,23100.0,5000.0,115500000.0,23100.0,1.0,23000.0,1.0,22900.0,1.0,22800.0,1,22700.0,1.0,22600.0,1.0,22500.0,1.0,22400.0,1.0,22300.0,1.0,22200.0,1.0,23200.0,1.0,23300.0,1.0,23400.0,1.0,23500.0,1.0,23600.0,1.0,23700.0,1.0,23800.0,1.0,23900.0,1.0,24000.0,1.0,24100.0,1.0
000629.SZ,2020-08-06,09:35:02,23100.0,100.0,2310000.0,23100.0,1.0,23000.0,1.0,22900.0,1.0,22800.0,1,22700.0,1.0,22600.0,1.0,22500.0,1.0,22400.0,1.0,22300.0,1.0,22200.0,1.0,23200.0,1.0,23300.0,1.0,23400.0,1.0,23500.0,1.0,23600.0,1.0,23700.0,1.0,23800.0,1.0,23900.0,1.0,24000.0,1.0,24100.0,1.0
000629.SZ,2020-08-06,09:35:03,23100.0,61800.0,1433760000.0,23100.0,1.0,23000.0,1.0,22900.0,1.0,22800.0,1,22700.0,1.0,22600.0,1.0,22500.0,1.0,22400.0,1.0,22300.0,1.0,22200.0,1.0,23200.0,1.0,23300.0,1.0,23400.0,1.0,23500.0,1.0,23600.0,1.0,23700.0,1.0,23800.0,1.0,23900.0,1.0,24000.0,1.0,24100.0,1.0
000629.SZ,2020-08-06,09:35:04,23200.0,100.0,2320000.0,23100.0,1.0,23000.0,1.0,22900.0,1.0,22800.0,1,22700.0,1.0,22600.0,1.0,22500.0,1.0,22400.0,1.0,22300.0,1.0,22200.0,1.0,23200.0,1.0,23300.0,1.0,23400.0,1.0,23500.0,1.0,23600.0,1.0,23700.0,1.0,23800.0,1.0,23900.0,1.0,24000.0,1.0,24100.0,1.0
000629.SZ,2020-08-06,09:35:05,23200.0,0.0,0.0,23100.0,1.0,23000.0,1.0,22900.0,1.0,22800.0,1,22700.0,1.0,22600.0,1.0,22500.0,1.0,22400.0,1.0,22300.0,1.0,22200.0,1.0,23200.0,1.0,23300.0,1.0,23400.0,1.0,23500.0,1.0,23600.0,1.0,23700.0,1.0,23800.0,1.0,23900.0,1.0,24000.0,1.0,24100.0,1.0
000629.SZ,2020-08-06,09:35:06,23200.0,81600.0,1886347200.0,23100.0,1.0,23000.0,1.0,22900.0,1.0,22800.0,1,22700.0,1.0,22600.0,1.0,22500.0,1.0,22400.0,1.0,22300.0,1.0,22200.0,1.0,23200.0,1.0,23300.0,1.0,23400.0,1.0,23500.0,1.0,23600.0,1.0,23700.0,1.0,23800.0,1.0,23900.0,1.0,24000.0,1.0,24100.0,1.0
000629.SZ,2020-08-06,09:35:07,23200.0,5000.0,116000000.0,23100.0,1.0,23000.0,1.0,22900.0,1.0,22800.0,1,22700.0,1.0,22600.0,1.0,22500.0,1.0,22400.0,1.0,22300.0,1.0,22200.0,1.0,23200.0,1.0,23300.0,1.0,23400.0,1.0,23500.0,1.0,23600.0,1.0,23700.0,1.0,23800.0,1.0,23900.0,1.0,24000.0,1.0,24100.0,1.0
000629.SZ,2020-08-06,09:35:08,23200.0,0.0,0.0,23100.0,1.0,23000.0,1.0,22900.0,1.0,22800.0,1,22700.0,1.0,22600.0,1.0,22500.0,1.0,22400.0,1.0,22300.0,1.0,22200.0,1.0,23200.0,1.0,23300.0,1.0,23400.0,1.0,23500.0,1.0,23600.0,1.0,23700.0,1.0,23800.0,1.0,23900.0,1.0,24000.0,1.0,24100.0,1.0
000629.SZ,2020-08-06,09:35:09,23200.0,0.0,0.0,23100.0,1.0,23000.0,1.0,22900.0,1.0,22800.0,1,22700.0,1.0,22600.0,1.0,22500.0,1.0,22400.0,1.0,22300.0,1.0,22200.0,1.0,23200.0,1.0,23300.0,1.0,23400.0,1.0,23500.0,1.0,23600.0,1.0,23700.0,1.0,23800.0,1.0,23900.0,1.0,24000.0,1.0,24100.0,1.0
000629.SZ,2020-08-06,09:35:10,23200.0,124700.0,2893040000.0,23100.0,1.0,23000.0,1.0,22900.0,1.0,22800.0,1,22700.0,1.0,22600.0,1.0,22500.0,1.0,22400.0,1.0,22300.0,1.0,22200.0,1.0,23200.0,1.0,23300.0,1.0,23400.0,1.0,23500.0,1.0,23600.0,1.0,23700.0,1.0,23800.0,1.0,23900.0,1.0,24000.0,1.0,24100.0,1.0
000629.SZ,2020-08-06,09:35:11,23200.0,600.0,13920000.0,23100.0,1.0,23000.0,1.0,22900.0,1.0,22800.0,1,22700.0,1.0,22600.0,1.0,22500.0,1.0,22400.0,1.0,22300.0,1.0,22200.0,1.0,23200.0,1.0,23300.0,1.0,23400.0,1.0,23500.0,1.0,23600.0,1.0,23700.0,1.0,23800.0,1.0,23900.0,1.0,24000.0,1.0,24100.0,1.0
000629.SZ,2020-08-06,09:35:12,23200.0,139000.0,3224661000.0,23100.0,1.0,23000.0,1.0,22900.0,1.0,22800.0,1,22700.0,1.0,22600.0,1.0,22500.0,1.0,22400.0,1.0,22300.0,1.0,22200.0,1.0,23200.0,1.0,23300.0,1.0,23400.0,1.0,23500.0,1.0,23600.0,1.0,23700.0,1.0,23800.0,1.0,23900.0,1.0,24000.0,1.0,24100.0,1.0
000629.SZ,2020-08-06,09:35:13,23200.0,13300.0,308560000.0,23100.0,1.0,23000.0,1.0,22900.0,1.0,22800.0,1,22700.0,1.0,22600.0,1.0,22500.0,1.0,22400.0,1.0,22300.0,1.0,22200.0,1.0,23200.0,1.0,23300.0,1.0,23400.0,1.0,23500.0,1.0,23600.0,1.0,23700.0,1.0,23800.0,1.0,23900.0,1.0,24000.0,1.0,24100.0,1.0
000629.SZ,2020-08-06,09:35:14,23200.0,504500.0,11704400000.0,23200.0,1.0,23100.0,1.0,23000.0,1.0,22900.0,1,22800.0,1.0,22700.0,1.0,22600.0,1.0,22500.0,1.0,22400.0,1.0,22300.0,1.0,23300.0,1.0,23400.0,1.0,23500.0,1.0,23600.0,1.0,23700.0,1.0,23800.0,1.0,23900.0,1.0,24000.0,1.0,24100.0,1.0,24200.0,1.0
000629.SZ,2020-08-06,09:35:15,23200.0,0.0,0.0,23200.0,1.0,23100.0,1.0,23000.0,1.0,22900.0,1,22800.0,1.0,22700.0,1.0,22600.0,1.0,22500.0,1.0,22400.0,1.0,22300.0,1.0,23300.0,1.0,23400.0,1.0,23500.0,1.0,23600.0,1.0,23700.0,1.0,23800.0,1.0,23900.0,1.0,24000.0,1.0,24100.0,1.0,24200.0,1.0
000629.SZ,2020-08-06,09:35:16,23200.0,32900.0,766208100.0,23200.0,1.0,23100.0,1.0,23000.0,1.0,22900.0,1,22800.0,1.0,22700.0,1.0,22600.0,1.0,22500.0,1.0,22400.0,1.0,22300.0,1.0,23300.0,1.0,23400.0,1.0,23500.0,1.0,23600.0,1.0,23700.0,1.0,23800.0,1.0,23900.0,1.0,24000.0,1.0,24100.0,1.0,24200.0,1.0
000629.SZ,2020-08-06,09:35:17,23200.0,10000.0,232000000.0,23200.0,1.0,23100.0,1.0,23000.0,1.0,22900.0,1,22800.0,1.0,22700.0,1.0,22600.0,1.0,22500.0,1.0,22400.0,1.0,22300.0,1.0,23300.0,1.0,23400.0,1.0,23500.0,1.0,23600.0,1.0,23700.0,1.0,23800.0,1.0,23900.0,1.0,24000.0,1.0,24100.0,1.0,24200.0,1.0
000629.SZ,2020-08-06,09:35:18,23200.0,5900.0,136880000.0,23200.0,1.0,23100.0,1.0,23000.0,1.0,22900.0,1,22800.0,1.0,22700.0,1.0,22600.0,1.0,22500.0,1.0,22400.0,1.0,22300.0,1.0,23300.0,1.0,23400.0,1.0,23500.0,1.0,23600.0,1.0,23700.0,1.0,23800.0,1.0,23900.0,1.0,24000.0,1.0,24100.0,1.0,24200.0,1.0
000629.SZ,2020-08-06,09:35:19,23200.0,700.0,16240000.0,23200.0,1.0,23100.0,1.0,23000.0,1.0,22900.0,1,22800.0,1.0,22700.0,1.0,22600.0,1.0,22500.0,1.0,22400.0,1.0,22300.0,1.0,23300.0,1.0,23400.0,1.0,23500.0,1.0,23600.0,1.0,23700.0,1.0,23800.0,1.0,23900.0,1.0,24000.0,1.0,24100.0,1.0,24200.0,1.0
000629.SZ,2020-08-06,09:35:20,23200.0,0.0,0.0,23200.0,1.0,23100.0,1.0,23000.0,1.0,22900.0,1,22800.0,1.0,22700.0,1.0,22600.0,1.0,22500.0,1.0,22400.0,1.0,22300.0,1.0,23300.0,1.0,23400.0,1.0,23500.0,1.0,23600.0,1.0,23700.0,1.0,23800.0,1.0,23900.0,1.0,24000.0,1.0,24100.0,1.0,24200.0,1.0
000629.SZ,2020-08-06,09:35:21,23200.0,0.0,0.0,23200.0,1.0,23100.0,1.0,23000.0,1.0,22900.0,1,22800.0,1.0,22700.0,1.0,22600.0,1.0,22500.0,1.0,22400.0,1.0,22300.0,1.0,23300.0,1.0,23400.0,1.0,23500.0,1.0,23600.0,1.0,23700.0,1.0,23800.0,1.0,23900.0,1.0,24000.0,1.0,24100.0,1.0,24200.0,1.0
000629.SZ,2020-08-06,09:35:22,23200.0,76100.0,1771455800.0,23200.0,1.0,23100.0,1.0,23000.0,1.0,22900.0,1,22800.0,1.0,22700.0,1.0,22600.0,1.0,22500.0,1.0,22400.0,1.0,22300.0,1.0,23300.0,1.0,23400.0,1.0,23500.0,1.0,23600.0,1.0,23700.0,1.0,23800.0,1.0,23900.0,1.0,24000.0,1.0,24100.0,1.0,24200.0,1.0
000629.SZ,2020-08-06,09:35:23,23200.0,500.0,11600000.0,23200.0,1.0,23100.0,1.0,23000.0,1.0,22900.0,1,22800.0,1.0,22700.0,1.0,22600.0,1.0,22500.0,1.0,22400.0,1.0,22300.0,1.0,23300.0,1.0,23400.0,1.0,23500.0,1.0,23600.0,1.0,23700.0,1.0,23800.0,1.0,23900.0,1.0,24000.0,1.0,24100.0,1.0,24200.0,1.0
000629.SZ,2020-08-06,09:35:24,23200.0,14700.0,342304200.0,23200.0,1.0,23100.0,1.0,23000.0,1.0,22900.0,1,22800.0,1.0,22700.0,1.0,22600.0,1.0,22500.0,1.0,22400.0,1.0,22300.0,1.0,23300.0,1.0,23400.0,1.0,23500.0,1.0,23600.0,1.0,23700.0,1.0,23800.0,1.0,23900.0,1.0,24000.0,1.0,24100.0,1.0,24200.0,1.0
000629.SZ,2020-08-06,09:35:25,23200.0,13000.0,302900000.0,23200.0,1.0,23100.0,1.0,23000.0,1.0,22900.0,1,22800.0,1.0,22700.0,1.0,22600.0,1.0,22500.0,1.0,22400.0,1.0,22300.0,1.0,23300.0,1.0,23400.0,1.0,23500.0,1.0,23600.0,1.0,23700.0,1.0,23800.0,1.0,23900.0,1.0,24000.0,1.0,24100.0,1.0,24200.0,1.0
000629.SZ,2020-08-06,09:35:26,23300.0,15100.0,350320000.0,23200.0,1.0,23100.0,1.0,23000.0,1.0,22900.0,1,22800.0,1.0,22700.0,1.0,22600.0,1.0,22500.0,1.0,22400.0,1.0,22300.0,1.0,23300.0,1.0,23400.0,1.0,23500.0,1.0,23600.0,1.0,23700.0,1.0,23800.0,1.0,23900.0,1.0,24000.0,1.0,24100.0,1.0,24200.0,1.0
000629.SZ,2020-08-06,09:35:27,23200.0,0.0,0.0,23200.0,1.0,23100.0,1.0,23000.0,1.0,22900.0,1,22800.0,1.0,22700.0,1.0,22600.0,1.0,22500.0,1.0,22400.0,1.0,22300.0,1.0,23300.0,1.0,23400.0,1.0,23500.0,1.0,23600.0,1.0,23700.0,1.0,23800.0,1.0,23900.0,1.0,24000.0,1.0,24100.0,1.0,24200.0,1.0
000629.SZ,2020-08-06,09:35:28,23200.0,0.0,0.0,23200.0,1.0,23100.0,1.0,23000.0,1.0,22900.0,1,22800.0,1.0,22700.0,1.0,22600.0,1.0,22500.0,1.0,22400.0,1.0,22300.0,1.0,23300.0,1.0,23400.0,1.0,23500.0,1.0,23600.0,1.0,23700.0,1.0,23800.0,1.0,23900.0,1.0,24000.0,1.0,24100.0,1.0,24200.0,1.0
000629.SZ,2020-08-06,09:35:29,23200.0,700.0,16259600.0,23200.0,1.0,23100.0,1.0,23000.0,1.0,22900.0,1,22800.0,1.0,22700.0,1.0,22600.0,1.0,22500.0,1.0,22400.0,1.0,22300.0,1.0,23300.0,1.0,23400.0,1.0,23500.0,1.0,23600.0,1.0,23700.0,1.0,23800.0,1.0,23900.0,1.0,24000.0,1.0,24100.0,1.0,24200.0,1.0
000629.SZ,2020-08-06,09:35:30,23300.0,111100.0,2577520000.0,23200.0,1.0,23100.0,1.0,23000.0,1.0,22900.0,1,22800.0,1.0,22700.0,1.0,22600.0,1.0,22500.0,1.0,22400.0,1.0,22300.0,1.0,23300.0,1.0,23400.0,1.0,23500.0,1.0,23600.0,1.0,23700.0,1.0,23800.0,1.0,23900.0,1.0,24000.0,1.0,24100.0,1.0,24200.0,1.0
000629.SZ,2020-08-06,09:35:31,23200.0,16300.0,378160000.0,23200.0,1.0,23100.0,1.0,23000.0,1.0,22900.0,1,22800.0,1.0,22700.0,1.0,22600.0,1.0,22500.0,1.0,22400.0,1.0,22300.0,1.0,23300.0,1.0,23400.0,1.0,23500.0,1.0,23600.0,1.0,23700.0,1.0,23800.0,1.0,23900.0,1.0,24000.0,1.0,24100.0,1.0,24200.0,1.0
000629.SZ,2020-08-06,09:35:32,23200.0,4000.0,93200000.0,23200.0,1.0,23100.0,1.0,23000.0,1.0,22900.0,1,22800.0,1.0,22700.0,1.0,22600.0,1.0,22500.0,1.0,22400.0,1.0,22300.0,1.0,23300.0,1.0,23400.0,1.0,23500.0,1.0,23600.0,1.0,23700.0,1.0,23800.0,1.0,23900.0,1.0,24000.0,1.0,24100.0,1.0,24200.0,1.0
000629.SZ,2020-08-06,09:35:33,23300.0,0.0,0.0,23200.0,1.0,23100.0,1.0,23000.0,1.0,22900.0,1,22800.0,1.0,22700.0,1.0,22600.0,1.0,22500.0,1.0,22400.0,1.0,22300.0,1.0,23300.0,1.0,23400.0,1.0,23500.0,1.0,23600.0,1.0,23700.0,1.0,23800.0,1.0,23900.0,1.0,24000.0,1.0,24100.0,1.0,24200.0,1.0
000629.SZ,2020-08-06,09:35:34,23300.0,25600.0,593920000.0,23200.0,1.0,23100.0,1.0,23000.0,1.0,22900.0,1,22800.0,1.0,22700.0,1.0,22600.0,1.0,22500.0,1.0,22400.0,1.0,22300.0,1.0,23300.0,1.0,23400.0,1.0,23500.0,1.0,23600.0,1.0,23700.0,1.0,23800.0,1.0,23900.0,1.0,24000.0,1.0,24100.0,1.0,24200.0,1.0
000629.SZ,2020-08-06,09:35:35,23200.0,1000.0,23200000.0,23200.0,1.0,23100.0,1.0,23000.0,1.0,22900.0,1,22800.0,1.0,22700.0,1.0,22600.0,1.0,22500.0,1.0,22400.0,1.0,22300.0,1.0,23300.0,1.0,23400.0,1.0,23500.0,1.0,23600.0,1.0,23700.0,1.0,23800.0,1.0,23900.0,1.0,24000.0,1.0,24100.0,1.0,24200.0,1.0
000629.SZ,2020-08-06,09:35:36,23200.0,16600.0,385120000.0,23200.0,1.0,23100.0,1.0,23000.0,1.0,22900.0,1,22800.0,1.0,22700.0,1.0,22600.0,1.0,22500.0,1.0,22400.0,1.0,22300.0,1.0,23300.0,1.0,23400.0,1.0,23500.0,1.0,23600.0,1.0,23700.0,1.0,23800.0,1.0,23900.0,1.0,24000.0,1.0,24100.0,1.0,24200.0,1.0
000629.SZ,2020-08-06,09:35:37,23200.0,1000.0,23200000.0,23200.0,1.0,23100.0,1.0,23000.0,1.0,22900.0,1,22800.0,1.0,22700.0,1.0,22600.0,1.0,22500.0,1.0,22400.0,1.0,22300.0,1.0,23300.0,1.0,23400.0,1.0,23500.0,1.0,23600.0,1.0,23700.0,1.0,23800.0,1.0,23900.0,1.0,24000.0,1.0,24100.0,1.0,24200.0,1.0
000629.SZ,2020-08-06,09:35:38,23200.0,0.0,0.0,23200.0,1.0,23100.0,1.0,23000.0,1.0,22900.0,1,22800.0,1.0,22700.0,1.0,22600.0,1.0,22500.0,1.0,22400.0,1.0,22300.0,1.0,23300.0,1.0,23400.0,1.0,23500.0,1.0,23600.0,1.0,23700.0,1.0,23800.0,1.0,23900.0,1.0,24000.0,1.0,24100.0,1.0,24200.0,1.0
000629.SZ,2020-08-06,09:35:39,23200.0,3400.0,78880000.0,23200.0,1.0,23100.0,1.0,23000.0,1.0,22900.0,1,22800.0,1.0,22700.0,1.0,22600.0,1.0,22500.0,1.0,22400.0,1.0,22300.0,1.0,23300.0,1.0,23400.0,1.0,23500.0,1.0,23600.0,1.0,23700.0,1.0,23800.0,1.0,23900.0,1.0,24000.0,1.0,24100.0,1.0,24200.0,1.0
000629.SZ,2020-08-06,09:35:40,23200.0,0.0,0.0,23200.0,1.0,23100.0,1.0,23000.0,1.0,22900.0,1,22800.0,1.0,22700.0,1.0,22600.0,1.0,22500.0,1.0,22400.0,1.0,22300.0,1.0,23300.0,1.0,23400.0,1.0,23500.0,1.0,23600.0,1.0,23700.0,1.0,23800.0,1.0,23900.0,1.0,24000.0,1.0,24100.0,1.0,24200.0,1.0
000629.SZ,2020-08-06,09:35:41,23200.0,16900.0,392080000.0,23200.0,1.0,23100.0,1.0,23000.0,1.0,22900.0,1,22800.0,1.0,22700.0,1.0,22600.0,1.0,22500.0,1.0,22400.0,1.0,22300.0,1.0,23300.0,1.0,23400.0,1.0,23500.0,1.0,23600.0,1.0,23700.0,1.0,23800.0,1.0,23900.0,1.0,24000.0,1.0,24100.0,1.0,24200.0,1.0
