StockCode,DataDate,UpdateTime,LastPrice,Volume,turnover,BidPrice1,BidVolume1,BidPrice2,BidVolume2,BidPrice3,BidVolume3,BidPrice4,BidVolume4,BidPrice5,BidVolume5,BidPrice6,BidVolume6,BidPrice7,BidVolume7,BidPrice8,BidVolume8,BidPrice9,BidVolume9,BidPrice10,BidVolume10,AskPrice1,AskVolume1,AskPrice2,AskVolume2,AskPrice3,AskVolume3,AskPrice4,AskVolume4,AskPrice5,AskVolume5,AskPrice6,AskVolume6,AskPrice7,AskVolume7,AskPrice8,AskVolume8,AskPrice9,AskVolume9,AskPrice10,AskVolume10
000629.SZ,2020-08-10,09:54:22,22700.0,0.0680272108843537,1544.21768707483,22800.0,1.0,22700.0,1.0,22600.0,1.0,22500.0,1,22400.0,1.0,22300.0,1.0,22200.0,1.0,22100.0,1.0,22000.0,1.0,21900.0,1.0,22900.0,1.0,23000.0,1.0,23100.0,1.0,23200.0,1.0,23300.0,1.0,23400.0,1.0,23500.0,1.0,23600.0,1.0,23700.0,1.0,23800.0,1.0
000629.SZ,2020-08-10,09:54:23,22700.0,0.0598639455782312,1352.9251700680272,22600.0,1.0,22500.0,1.0,22400.0,1.0,22300.0,1,22200.0,1.0,22100.0,1.0,22000.0,1.0,21900.0,1.0,21800.0,1.0,21700.0,1.0,22700.0,1.0,22800.0,1.0,22900.0,1.0,23000.0,1.0,23100.0,1.0,23200.0,1.0,23300.0,1.0,23400.0,1.0,23500.0,1.0,23600.0,1.0
000629.SZ,2020-08-10,09:54:24,22600.0,0.0,0.0,22600.0,1.0,22500.0,1.0,22400.0,1.0,22300.0,1,22200.0,1.0,22100.0,1.0,22000.0,1.0,21900.0,1.0,21800.0,1.0,21700.0,1.0,22700.0,1.0,22800.0,1.0,22900.0,1.0,23000.0,1.0,23100.0,1.0,23200.0,1.0,23300.0,1.0,23400.0,1.0,23500.0,1.0,23600.0,1.0
000629.SZ,2020-08-10,09:54:25,22600.0,0.0,0.0,22600.0,1.0,22500.0,1.0,22400.0,1.0,22300.0,1,22200.0,1.0,22100.0,1.0,22000.0,1.0,21900.0,1.0,21800.0,1.0,21700.0,1.0,22700.0,1.0,22800.0,1.0,22900.0,1.0,23000.0,1.0,23100.0,1.0,23200.0,1.0,23300.0,1.0,23400.0,1.0,23500.0,1.0,23600.0,1.0
000629.SZ,2020-08-10,09:54:26,22600.0,0.0884353741496598,2001.4693877551024,22600.0,1.0,22500.0,1.0,22400.0,1.0,22300.0,1,22200.0,1.0,22100.0,1.0,22000.0,1.0,21900.0,1.0,21800.0,1.0,21700.0,1.0,22700.0,1.0,22800.0,1.0,22900.0,1.0,23000.0,1.0,23100.0,1.0,23200.0,1.0,23300.0,1.0,23400.0,1.0,23500.0,1.0,23600.0,1.0
000629.SZ,2020-08-10,09:54:27,22700.0,0.0,0.0,22600.0,1.0,22500.0,1.0,22400.0,1.0,22300.0,1,22200.0,1.0,22100.0,1.0,22000.0,1.0,21900.0,1.0,21800.0,1.0,21700.0,1.0,22700.0,1.0,22800.0,1.0,22900.0,1.0,23000.0,1.0,23100.0,1.0,23200.0,1.0,23300.0,1.0,23400.0,1.0,23500.0,1.0,23600.0,1.0
000629.SZ,2020-08-10,09:54:28,22700.0,0.0,0.0,22600.0,1.0,22500.0,1.0,22400.0,1.0,22300.0,1,22200.0,1.0,22100.0,1.0,22000.0,1.0,21900.0,1.0,21800.0,1.0,21700.0,1.0,22700.0,1.0,22800.0,1.0,22900.0,1.0,23000.0,1.0,23100.0,1.0,23200.0,1.0,23300.0,1.0,23400.0,1.0,23500.0,1.0,23600.0,1.0
000629.SZ,2020-08-10,09:54:29,22700.0,0.0,0.0,22600.0,1.0,22500.0,1.0,22400.0,1.0,22300.0,1,22200.0,1.0,22100.0,1.0,22000.0,1.0,21900.0,1.0,21800.0,1.0,21700.0,1.0,22700.0,1.0,22800.0,1.0,22900.0,1.0,23000.0,1.0,23100.0,1.0,23200.0,1.0,23300.0,1.0,23400.0,1.0,23500.0,1.0,23600.0,1.0
000629.SZ,2020-08-10,09:54:30,22700.0,0.0,0.0,22600.0,1.0,22500.0,1.0,22400.0,1.0,22300.0,1,22200.0,1.0,22100.0,1.0,22000.0,1.0,21900.0,1.0,21800.0,1.0,21700.0,1.0,22700.0,1.0,22800.0,1.0,22900.0,1.0,23000.0,1.0,23100.0,1.0,23200.0,1.0,23300.0,1.0,23400.0,1.0,23500.0,1.0,23600.0,1.0
000629.SZ,2020-08-10,09:54:31,22700.0,0.0108843537414965,247.0748299319728,22600.0,1.0,22500.0,1.0,22400.0,1.0,22300.0,1,22200.0,1.0,22100.0,1.0,22000.0,1.0,21900.0,1.0,21800.0,1.0,21700.0,1.0,22700.0,1.0,22800.0,1.0,22900.0,1.0,23000.0,1.0,23100.0,1.0,23200.0,1.0,23300.0,1.0,23400.0,1.0,23500.0,1.0,23600.0,1.0
000629.SZ,2020-08-10,09:54:32,22700.0,0.0,0.0,22600.0,1.0,22500.0,1.0,22400.0,1.0,22300.0,1,22200.0,1.0,22100.0,1.0,22000.0,1.0,21900.0,1.0,21800.0,1.0,21700.0,1.0,22700.0,1.0,22800.0,1.0,22900.0,1.0,23000.0,1.0,23100.0,1.0,23200.0,1.0,23300.0,1.0,23400.0,1.0,23500.0,1.0,23600.0,1.0
000629.SZ,2020-08-10,09:54:33,22700.0,0.0,0.0,22600.0,1.0,22500.0,1.0,22400.0,1.0,22300.0,1,22200.0,1.0,22100.0,1.0,22000.0,1.0,21900.0,1.0,21800.0,1.0,21700.0,1.0,22700.0,1.0,22800.0,1.0,22900.0,1.0,23000.0,1.0,23100.0,1.0,23200.0,1.0,23300.0,1.0,23400.0,1.0,23500.0,1.0,23600.0,1.0
000629.SZ,2020-08-10,09:54:34,22700.0,0.0,0.0,22600.0,1.0,22500.0,1.0,22400.0,1.0,22300.0,1,22200.0,1.0,22100.0,1.0,22000.0,1.0,21900.0,1.0,21800.0,1.0,21700.0,1.0,22700.0,1.0,22800.0,1.0,22900.0,1.0,23000.0,1.0,23100.0,1.0,23200.0,1.0,23300.0,1.0,23400.0,1.0,23500.0,1.0,23600.0,1.0
000629.SZ,2020-08-10,09:54:35,22700.0,0.0272108843537414,614.9659863945578,22600.0,1.0,22500.0,1.0,22400.0,1.0,22300.0,1,22200.0,1.0,22100.0,1.0,22000.0,1.0,21900.0,1.0,21800.0,1.0,21700.0,1.0,22700.0,1.0,22800.0,1.0,22900.0,1.0,23000.0,1.0,23100.0,1.0,23200.0,1.0,23300.0,1.0,23400.0,1.0,23500.0,1.0,23600.0,1.0
000629.SZ,2020-08-10,09:54:36,22600.0,0.272108843537415,6176.87074829932,22600.0,1.0,22500.0,1.0,22400.0,1.0,22300.0,1,22200.0,1.0,22100.0,1.0,22000.0,1.0,21900.0,1.0,21800.0,1.0,21700.0,1.0,22700.0,1.0,22800.0,1.0,22900.0,1.0,23000.0,1.0,23100.0,1.0,23200.0,1.0,23300.0,1.0,23400.0,1.0,23500.0,1.0,23600.0,1.0
000629.SZ,2020-08-10,09:54:37,22700.0,0.0,0.0,22600.0,1.0,22500.0,1.0,22400.0,1.0,22300.0,1,22200.0,1.0,22100.0,1.0,22000.0,1.0,21900.0,1.0,21800.0,1.0,21700.0,1.0,22700.0,1.0,22800.0,1.0,22900.0,1.0,23000.0,1.0,23100.0,1.0,23200.0,1.0,23300.0,1.0,23400.0,1.0,23500.0,1.0,23600.0,1.0
000629.SZ,2020-08-10,09:54:38,22700.0,0.0,0.0,22600.0,1.0,22500.0,1.0,22400.0,1.0,22300.0,1,22200.0,1.0,22100.0,1.0,22000.0,1.0,21900.0,1.0,21800.0,1.0,21700.0,1.0,22700.0,1.0,22800.0,1.0,22900.0,1.0,23000.0,1.0,23100.0,1.0,23200.0,1.0,23300.0,1.0,23400.0,1.0,23500.0,1.0,23600.0,1.0
000629.SZ,2020-08-10,09:54:39,22700.0,0.0163265306122449,370.6122448979592,22600.0,1.0,22500.0,1.0,22400.0,1.0,22300.0,1,22200.0,1.0,22100.0,1.0,22000.0,1.0,21900.0,1.0,21800.0,1.0,21700.0,1.0,22700.0,1.0,22800.0,1.0,22900.0,1.0,23000.0,1.0,23100.0,1.0,23200.0,1.0,23300.0,1.0,23400.0,1.0,23500.0,1.0,23600.0,1.0
000629.SZ,2020-08-10,09:54:40,22700.0,0.0136054421768707,308.57142857142856,22600.0,1.0,22500.0,1.0,22400.0,1.0,22300.0,1,22200.0,1.0,22100.0,1.0,22000.0,1.0,21900.0,1.0,21800.0,1.0,21700.0,1.0,22700.0,1.0,22800.0,1.0,22900.0,1.0,23000.0,1.0,23100.0,1.0,23200.0,1.0,23300.0,1.0,23400.0,1.0,23500.0,1.0,23600.0,1.0
000629.SZ,2020-08-10,09:54:41,22600.0,0.0136054421768707,308.843537414966,22600.0,1.0,22500.0,1.0,22400.0,1.0,22300.0,1,22200.0,1.0,22100.0,1.0,22000.0,1.0,21900.0,1.0,21800.0,1.0,21700.0,1.0,22700.0,1.0,22800.0,1.0,22900.0,1.0,23000.0,1.0,23100.0,1.0,23200.0,1.0,23300.0,1.0,23400.0,1.0,23500.0,1.0,23600.0,1.0
000629.SZ,2020-08-10,09:54:42,22700.0,0.0,0.0,22600.0,1.0,22500.0,1.0,22400.0,1.0,22300.0,1,22200.0,1.0,22100.0,1.0,22000.0,1.0,21900.0,1.0,21800.0,1.0,21700.0,1.0,22700.0,1.0,22800.0,1.0,22900.0,1.0,23000.0,1.0,23100.0,1.0,23200.0,1.0,23300.0,1.0,23400.0,1.0,23500.0,1.0,23600.0,1.0
000629.SZ,2020-08-10,09:54:43,22700.0,0.0,0.0,22600.0,1.0,22500.0,1.0,22400.0,1.0,22300.0,1,22200.0,1.0,22100.0,1.0,22000.0,1.0,21900.0,1.0,21800.0,1.0,21700.0,1.0,22700.0,1.0,22800.0,1.0,22900.0,1.0,23000.0,1.0,23100.0,1.0,23200.0,1.0,23300.0,1.0,23400.0,1.0,23500.0,1.0,23600.0,1.0
000629.SZ,2020-08-10,09:54:44,22700.0,0.0,0.0,22600.0,1.0,22500.0,1.0,22400.0,1.0,22300.0,1,22200.0,1.0,22100.0,1.0,22000.0,1.0,21900.0,1.0,21800.0,1.0,21700.0,1.0,22700.0,1.0,22800.0,1.0,22900.0,1.0,23000.0,1.0,23100.0,1.0,23200.0,1.0,23300.0,1.0,23400.0,1.0,23500.0,1.0,23600.0,1.0
000629.SZ,2020-08-10,09:54:45,22700.0,0.1251700680272109,2841.360544217687,22600.0,1.0,22500.0,1.0,22400.0,1.0,22300.0,1,22200.0,1.0,22100.0,1.0,22000.0,1.0,21900.0,1.0,21800.0,1.0,21700.0,1.0,22700.0,1.0,22800.0,1.0,22900.0,1.0,23000.0,1.0,23100.0,1.0,23200.0,1.0,23300.0,1.0,23400.0,1.0,23500.0,1.0,23600.0,1.0
000629.SZ,2020-08-10,09:54:46,22700.0,0.0,0.0,22600.0,1.0,22500.0,1.0,22400.0,1.0,22300.0,1,22200.0,1.0,22100.0,1.0,22000.0,1.0,21900.0,1.0,21800.0,1.0,21700.0,1.0,22700.0,1.0,22800.0,1.0,22900.0,1.0,23000.0,1.0,23100.0,1.0,23200.0,1.0,23300.0,1.0,23400.0,1.0,23500.0,1.0,23600.0,1.0
000629.SZ,2020-08-10,09:54:47,22700.0,0.0,0.0,22600.0,1.0,22500.0,1.0,22400.0,1.0,22300.0,1,22200.0,1.0,22100.0,1.0,22000.0,1.0,21900.0,1.0,21800.0,1.0,21700.0,1.0,22700.0,1.0,22800.0,1.0,22900.0,1.0,23000.0,1.0,23100.0,1.0,23200.0,1.0,23300.0,1.0,23400.0,1.0,23500.0,1.0,23600.0,1.0
000629.SZ,2020-08-10,09:54:48,22700.0,0.1088435374149659,2470.748299319728,22600.0,1.0,22500.0,1.0,22400.0,1.0,22300.0,1,22200.0,1.0,22100.0,1.0,22000.0,1.0,21900.0,1.0,21800.0,1.0,21700.0,1.0,22700.0,1.0,22800.0,1.0,22900.0,1.0,23000.0,1.0,23100.0,1.0,23200.0,1.0,23300.0,1.0,23400.0,1.0,23500.0,1.0,23600.0,1.0
000629.SZ,2020-08-10,09:54:49,22700.0,0.0,0.0,22600.0,1.0,22500.0,1.0,22400.0,1.0,22300.0,1,22200.0,1.0,22100.0,1.0,22000.0,1.0,21900.0,1.0,21800.0,1.0,21700.0,1.0,22700.0,1.0,22800.0,1.0,22900.0,1.0,23000.0,1.0,23100.0,1.0,23200.0,1.0,23300.0,1.0,23400.0,1.0,23500.0,1.0,23600.0,1.0
000629.SZ,2020-08-10,09:54:50,22700.0,0.0408163265306122,926.5306122448978,22600.0,1.0,22500.0,1.0,22400.0,1.0,22300.0,1,22200.0,1.0,22100.0,1.0,22000.0,1.0,21900.0,1.0,21800.0,1.0,21700.0,1.0,22700.0,1.0,22800.0,1.0,22900.0,1.0,23000.0,1.0,23100.0,1.0,23200.0,1.0,23300.0,1.0,23400.0,1.0,23500.0,1.0,23600.0,1.0
000629.SZ,2020-08-10,09:54:51,22700.0,0.0,0.0,22600.0,1.0,22500.0,1.0,22400.0,1.0,22300.0,1,22200.0,1.0,22100.0,1.0,22000.0,1.0,21900.0,1.0,21800.0,1.0,21700.0,1.0,22700.0,1.0,22800.0,1.0,22900.0,1.0,23000.0,1.0,23100.0,1.0,23200.0,1.0,23300.0,1.0,23400.0,1.0,23500.0,1.0,23600.0,1.0
000629.SZ,2020-08-10,09:54:52,22700.0,0.0544217687074829,1235.374149659864,22600.0,1.0,22500.0,1.0,22400.0,1.0,22300.0,1,22200.0,1.0,22100.0,1.0,22000.0,1.0,21900.0,1.0,21800.0,1.0,21700.0,1.0,22700.0,1.0,22800.0,1.0,22900.0,1.0,23000.0,1.0,23100.0,1.0,23200.0,1.0,23300.0,1.0,23400.0,1.0,23500.0,1.0,23600.0,1.0
000629.SZ,2020-08-10,09:54:53,22700.0,0.0,0.0,22600.0,1.0,22500.0,1.0,22400.0,1.0,22300.0,1,22200.0,1.0,22100.0,1.0,22000.0,1.0,21900.0,1.0,21800.0,1.0,21700.0,1.0,22700.0,1.0,22800.0,1.0,22900.0,1.0,23000.0,1.0,23100.0,1.0,23200.0,1.0,23300.0,1.0,23400.0,1.0,23500.0,1.0,23600.0,1.0
000629.SZ,2020-08-10,09:54:54,22700.0,0.0,0.0,22600.0,1.0,22500.0,1.0,22400.0,1.0,22300.0,1,22200.0,1.0,22100.0,1.0,22000.0,1.0,21900.0,1.0,21800.0,1.0,21700.0,1.0,22700.0,1.0,22800.0,1.0,22900.0,1.0,23000.0,1.0,23100.0,1.0,23200.0,1.0,23300.0,1.0,23400.0,1.0,23500.0,1.0,23600.0,1.0
000629.SZ,2020-08-10,09:54:55,22700.0,0.0,0.0,22600.0,1.0,22500.0,1.0,22400.0,1.0,22300.0,1,22200.0,1.0,22100.0,1.0,22000.0,1.0,21900.0,1.0,21800.0,1.0,21700.0,1.0,22700.0,1.0,22800.0,1.0,22900.0,1.0,23000.0,1.0,23100.0,1.0,23200.0,1.0,23300.0,1.0,23400.0,1.0,23500.0,1.0,23600.0,1.0
000629.SZ,2020-08-10,09:54:56,22700.0,0.0,0.0,22600.0,1.0,22500.0,1.0,22400.0,1.0,22300.0,1,22200.0,1.0,22100.0,1.0,22000.0,1.0,21900.0,1.0,21800.0,1.0,21700.0,1.0,22700.0,1.0,22800.0,1.0,22900.0,1.0,23000.0,1.0,23100.0,1.0,23200.0,1.0,23300.0,1.0,23400.0,1.0,23500.0,1.0,23600.0,1.0
000629.SZ,2020-08-10,09:54:57,22700.0,0.0272108843537414,617.6870748299319,22600.0,1.0,22500.0,1.0,22400.0,1.0,22300.0,1,22200.0,1.0,22100.0,1.0,22000.0,1.0,21900.0,1.0,21800.0,1.0,21700.0,1.0,22700.0,1.0,22800.0,1.0,22900.0,1.0,23000.0,1.0,23100.0,1.0,23200.0,1.0,23300.0,1.0,23400.0,1.0,23500.0,1.0,23600.0,1.0
000629.SZ,2020-08-10,09:54:58,22700.0,0.2517006802721088,5713.60544217687,22600.0,1.0,22500.0,1.0,22400.0,1.0,22300.0,1,22200.0,1.0,22100.0,1.0,22000.0,1.0,21900.0,1.0,21800.0,1.0,21700.0,1.0,22700.0,1.0,22800.0,1.0,22900.0,1.0,23000.0,1.0,23100.0,1.0,23200.0,1.0,23300.0,1.0,23400.0,1.0,23500.0,1.0,23600.0,1.0
000629.SZ,2020-08-10,09:54:59,22700.0,0.0204081632653061,463.2653061224489,22600.0,1.0,22500.0,1.0,22400.0,1.0,22300.0,1,22200.0,1.0,22100.0,1.0,22000.0,1.0,21900.0,1.0,21800.0,1.0,21700.0,1.0,22700.0,1.0,22800.0,1.0,22900.0,1.0,23000.0,1.0,23100.0,1.0,23200.0,1.0,23300.0,1.0,23400.0,1.0,23500.0,1.0,23600.0,1.0
000629.SZ,2020-08-10,09:55:00,22700.0,0.0,0.0,22600.0,1.0,22500.0,1.0,22400.0,1.0,22300.0,1,22200.0,1.0,22100.0,1.0,22000.0,1.0,21900.0,1.0,21800.0,1.0,21700.0,1.0,22700.0,1.0,22800.0,1.0,22900.0,1.0,23000.0,1.0,23100.0,1.0,23200.0,1.0,23300.0,1.0,23400.0,1.0,23500.0,1.0,23600.0,1.0
000629.SZ,2020-08-10,09:55:01,22700.0,0.0299319727891156,676.4625850340136,22600.0,1.0,22500.0,1.0,22400.0,1.0,22300.0,1,22200.0,1.0,22100.0,1.0,22000.0,1.0,21900.0,1.0,21800.0,1.0,21700.0,1.0,22700.0,1.0,22800.0,1.0,22900.0,1.0,23000.0,1.0,23100.0,1.0,23200.0,1.0,23300.0,1.0,23400.0,1.0,23500.0,1.0,23600.0,1.0
000629.SZ,2020-08-10,09:55:02,22600.0,0.0,0.0,22600.0,1.0,22500.0,1.0,22400.0,1.0,22300.0,1,22200.0,1.0,22100.0,1.0,22000.0,1.0,21900.0,1.0,21800.0,1.0,21700.0,1.0,22700.0,1.0,22800.0,1.0,22900.0,1.0,23000.0,1.0,23100.0,1.0,23200.0,1.0,23300.0,1.0,23400.0,1.0,23500.0,1.0,23600.0,1.0
000629.SZ,2020-08-10,09:55:03,22600.0,0.0,0.0,22600.0,1.0,22500.0,1.0,22400.0,1.0,22300.0,1,22200.0,1.0,22100.0,1.0,22000.0,1.0,21900.0,1.0,21800.0,1.0,21700.0,1.0,22700.0,1.0,22800.0,1.0,22900.0,1.0,23000.0,1.0,23100.0,1.0,23200.0,1.0,23300.0,1.0,23400.0,1.0,23500.0,1.0,23600.0,1.0
000629.SZ,2020-08-10,09:55:04,22600.0,0.0653061224489796,1482.4489795918369,22600.0,1.0,22500.0,1.0,22400.0,1.0,22300.0,1,22200.0,1.0,22100.0,1.0,22000.0,1.0,21900.0,1.0,21800.0,1.0,21700.0,1.0,22700.0,1.0,22800.0,1.0,22900.0,1.0,23000.0,1.0,23100.0,1.0,23200.0,1.0,23300.0,1.0,23400.0,1.0,23500.0,1.0,23600.0,1.0
000629.SZ,2020-08-10,09:55:05,22700.0,0.001360544217687,30.8843537414966,22600.0,1.0,22500.0,1.0,22400.0,1.0,22300.0,1,22200.0,1.0,22100.0,1.0,22000.0,1.0,21900.0,1.0,21800.0,1.0,21700.0,1.0,22700.0,1.0,22800.0,1.0,22900.0,1.0,23000.0,1.0,23100.0,1.0,23200.0,1.0,23300.0,1.0,23400.0,1.0,23500.0,1.0,23600.0,1.0
000629.SZ,2020-08-10,09:55:06,22700.0,0.0,0.0,22600.0,1.0,22500.0,1.0,22400.0,1.0,22300.0,1,22200.0,1.0,22100.0,1.0,22000.0,1.0,21900.0,1.0,21800.0,1.0,21700.0,1.0,22700.0,1.0,22800.0,1.0,22900.0,1.0,23000.0,1.0,23100.0,1.0,23200.0,1.0,23300.0,1.0,23400.0,1.0,23500.0,1.0,23600.0,1.0
000629.SZ,2020-08-10,09:55:07,22700.0,0.0272108843537414,617.6870748299319,22600.0,1.0,22500.0,1.0,22400.0,1.0,22300.0,1,22200.0,1.0,22100.0,1.0,22000.0,1.0,21900.0,1.0,21800.0,1.0,21700.0,1.0,22700.0,1.0,22800.0,1.0,22900.0,1.0,23000.0,1.0,23100.0,1.0,23200.0,1.0,23300.0,1.0,23400.0,1.0,23500.0,1.0,23600.0,1.0
000629.SZ,2020-08-10,09:55:08,22700.0,0.0,0.0,22600.0,1.0,22500.0,1.0,22400.0,1.0,22300.0,1,22200.0,1.0,22100.0,1.0,22000.0,1.0,21900.0,1.0,21800.0,1.0,21700.0,1.0,22700.0,1.0,22800.0,1.0,22900.0,1.0,23000.0,1.0,23100.0,1.0,23200.0,1.0,23300.0,1.0,23400.0,1.0,23500.0,1.0,23600.0,1.0
000629.SZ,2020-08-10,09:55:09,22700.0,0.5659863945578232,12847.891156462589,22600.0,1.0,22500.0,1.0,22400.0,1.0,22300.0,1,22200.0,1.0,22100.0,1.0,22000.0,1.0,21900.0,1.0,21800.0,1.0,21700.0,1.0,22700.0,1.0,22800.0,1.0,22900.0,1.0,23000.0,1.0,23100.0,1.0,23200.0,1.0,23300.0,1.0,23400.0,1.0,23500.0,1.0,23600.0,1.0
000629.SZ,2020-08-10,09:55:10,22700.0,0.1850340136054421,4200.272108843537,22600.0,1.0,22500.0,1.0,22400.0,1.0,22300.0,1,22200.0,1.0,22100.0,1.0,22000.0,1.0,21900.0,1.0,21800.0,1.0,21700.0,1.0,22700.0,1.0,22800.0,1.0,22900.0,1.0,23000.0,1.0,23100.0,1.0,23200.0,1.0,23300.0,1.0,23400.0,1.0,23500.0,1.0,23600.0,1.0
000629.SZ,2020-08-10,09:55:11,22700.0,0.2938775510204082,6671.0204081632655,22600.0,1.0,22500.0,1.0,22400.0,1.0,22300.0,1,22200.0,1.0,22100.0,1.0,22000.0,1.0,21900.0,1.0,21800.0,1.0,21700.0,1.0,22700.0,1.0,22800.0,1.0,22900.0,1.0,23000.0,1.0,23100.0,1.0,23200.0,1.0,23300.0,1.0,23400.0,1.0,23500.0,1.0,23600.0,1.0
000629.SZ,2020-08-10,09:55:12,22700.0,0.0544217687074829,1235.374149659864,22600.0,1.0,22500.0,1.0,22400.0,1.0,22300.0,1,22200.0,1.0,22100.0,1.0,22000.0,1.0,21900.0,1.0,21800.0,1.0,21700.0,1.0,22700.0,1.0,22800.0,1.0,22900.0,1.0,23000.0,1.0,23100.0,1.0,23200.0,1.0,23300.0,1.0,23400.0,1.0,23500.0,1.0,23600.0,1.0
000629.SZ,2020-08-10,09:55:13,22700.0,0.0,0.0,22600.0,1.0,22500.0,1.0,22400.0,1.0,22300.0,1,22200.0,1.0,22100.0,1.0,22000.0,1.0,21900.0,1.0,21800.0,1.0,21700.0,1.0,22700.0,1.0,22800.0,1.0,22900.0,1.0,23000.0,1.0,23100.0,1.0,23200.0,1.0,23300.0,1.0,23400.0,1.0,23500.0,1.0,23600.0,1.0
000629.SZ,2020-08-10,09:55:14,22700.0,0.0544217687074829,1235.374149659864,22600.0,1.0,22500.0,1.0,22400.0,1.0,22300.0,1,22200.0,1.0,22100.0,1.0,22000.0,1.0,21900.0,1.0,21800.0,1.0,21700.0,1.0,22700.0,1.0,22800.0,1.0,22900.0,1.0,23000.0,1.0,23100.0,1.0,23200.0,1.0,23300.0,1.0,23400.0,1.0,23500.0,1.0,23600.0,1.0
000629.SZ,2020-08-10,09:55:15,22700.0,0.0,0.0,22600.0,1.0,22500.0,1.0,22400.0,1.0,22300.0,1,22200.0,1.0,22100.0,1.0,22000.0,1.0,21900.0,1.0,21800.0,1.0,21700.0,1.0,22700.0,1.0,22800.0,1.0,22900.0,1.0,23000.0,1.0,23100.0,1.0,23200.0,1.0,23300.0,1.0,23400.0,1.0,23500.0,1.0,23600.0,1.0
000629.SZ,2020-08-10,09:55:16,22700.0,0.0,0.0,22600.0,1.0,22500.0,1.0,22400.0,1.0,22300.0,1,22200.0,1.0,22100.0,1.0,22000.0,1.0,21900.0,1.0,21800.0,1.0,21700.0,1.0,22700.0,1.0,22800.0,1.0,22900.0,1.0,23000.0,1.0,23100.0,1.0,23200.0,1.0,23300.0,1.0,23400.0,1.0,23500.0,1.0,23600.0,1.0
000629.SZ,2020-08-10,09:55:17,22700.0,0.0,0.0,22600.0,1.0,22500.0,1.0,22400.0,1.0,22300.0,1,22200.0,1.0,22100.0,1.0,22000.0,1.0,21900.0,1.0,21800.0,1.0,21700.0,1.0,22700.0,1.0,22800.0,1.0,22900.0,1.0,23000.0,1.0,23100.0,1.0,23200.0,1.0,23300.0,1.0,23400.0,1.0,23500.0,1.0,23600.0,1.0
000629.SZ,2020-08-10,09:55:18,22700.0,0.0095238095238095,216.1904761904762,22600.0,1.0,22500.0,1.0,22400.0,1.0,22300.0,1,22200.0,1.0,22100.0,1.0,22000.0,1.0,21900.0,1.0,21800.0,1.0,21700.0,1.0,22700.0,1.0,22800.0,1.0,22900.0,1.0,23000.0,1.0,23100.0,1.0,23200.0,1.0,23300.0,1.0,23400.0,1.0,23500.0,1.0,23600.0,1.0
000629.SZ,2020-08-10,09:55:19,22700.0,0.0,0.0,22600.0,1.0,22500.0,1.0,22400.0,1.0,22300.0,1,22200.0,1.0,22100.0,1.0,22000.0,1.0,21900.0,1.0,21800.0,1.0,21700.0,1.0,22700.0,1.0,22800.0,1.0,22900.0,1.0,23000.0,1.0,23100.0,1.0,23200.0,1.0,23300.0,1.0,23400.0,1.0,23500.0,1.0,23600.0,1.0
000629.SZ,2020-08-10,09:55:20,22700.0,0.0,0.0,22600.0,1.0,22500.0,1.0,22400.0,1.0,22300.0,1,22200.0,1.0,22100.0,1.0,22000.0,1.0,21900.0,1.0,21800.0,1.0,21700.0,1.0,22700.0,1.0,22800.0,1.0,22900.0,1.0,23000.0,1.0,23100.0,1.0,23200.0,1.0,23300.0,1.0,23400.0,1.0,23500.0,1.0,23600.0,1.0
000629.SZ,2020-08-10,09:55:21,22700.0,0.1605442176870748,3644.353741496599,22600.0,1.0,22500.0,1.0,22400.0,1.0,22300.0,1,22200.0,1.0,22100.0,1.0,22000.0,1.0,21900.0,1.0,21800.0,1.0,21700.0,1.0,22700.0,1.0,22800.0,1.0,22900.0,1.0,23000.0,1.0,23100.0,1.0,23200.0,1.0,23300.0,1.0,23400.0,1.0,23500.0,1.0,23600.0,1.0
000629.SZ,2020-08-10,09:55:22,22700.0,0.0,0.0,22600.0,1.0,22500.0,1.0,22400.0,1.0,22300.0,1,22200.0,1.0,22100.0,1.0,22000.0,1.0,21900.0,1.0,21800.0,1.0,21700.0,1.0,22700.0,1.0,22800.0,1.0,22900.0,1.0,23000.0,1.0,23100.0,1.0,23200.0,1.0,23300.0,1.0,23400.0,1.0,23500.0,1.0,23600.0,1.0
000629.SZ,2020-08-10,09:55:23,22700.0,0.0,0.0,22600.0,1.0,22500.0,1.0,22400.0,1.0,22300.0,1,22200.0,1.0,22100.0,1.0,22000.0,1.0,21900.0,1.0,21800.0,1.0,21700.0,1.0,22700.0,1.0,22800.0,1.0,22900.0,1.0,23000.0,1.0,23100.0,1.0,23200.0,1.0,23300.0,1.0,23400.0,1.0,23500.0,1.0,23600.0,1.0
000629.SZ,2020-08-10,09:55:24,22700.0,0.0,0.0,22600.0,1.0,22500.0,1.0,22400.0,1.0,22300.0,1,22200.0,1.0,22100.0,1.0,22000.0,1.0,21900.0,1.0,21800.0,1.0,21700.0,1.0,22700.0,1.0,22800.0,1.0,22900.0,1.0,23000.0,1.0,23100.0,1.0,23200.0,1.0,23300.0,1.0,23400.0,1.0,23500.0,1.0,23600.0,1.0
000629.SZ,2020-08-10,09:55:25,22700.0,0.0,0.0,22600.0,1.0,22500.0,1.0,22400.0,1.0,22300.0,1,22200.0,1.0,22100.0,1.0,22000.0,1.0,21900.0,1.0,21800.0,1.0,21700.0,1.0,22700.0,1.0,22800.0,1.0,22900.0,1.0,23000.0,1.0,23100.0,1.0,23200.0,1.0,23300.0,1.0,23400.0,1.0,23500.0,1.0,23600.0,1.0
000629.SZ,2020-08-10,09:55:26,22700.0,0.0,0.0,22600.0,1.0,22500.0,1.0,22400.0,1.0,22300.0,1,22200.0,1.0,22100.0,1.0,22000.0,1.0,21900.0,1.0,21800.0,1.0,21700.0,1.0,22700.0,1.0,22800.0,1.0,22900.0,1.0,23000.0,1.0,23100.0,1.0,23200.0,1.0,23300.0,1.0,23400.0,1.0,23500.0,1.0,23600.0,1.0
000629.SZ,2020-08-10,09:55:27,22700.0,0.0789115646258503,1791.2925170068029,22600.0,1.0,22500.0,1.0,22400.0,1.0,22300.0,1,22200.0,1.0,22100.0,1.0,22000.0,1.0,21900.0,1.0,21800.0,1.0,21700.0,1.0,22700.0,1.0,22800.0,1.0,22900.0,1.0,23000.0,1.0,23100.0,1.0,23200.0,1.0,23300.0,1.0,23400.0,1.0,23500.0,1.0,23600.0,1.0
000629.SZ,2020-08-10,09:55:28,22700.0,0.0,0.0,22600.0,1.0,22500.0,1.0,22400.0,1.0,22300.0,1,22200.0,1.0,22100.0,1.0,22000.0,1.0,21900.0,1.0,21800.0,1.0,21700.0,1.0,22700.0,1.0,22800.0,1.0,22900.0,1.0,23000.0,1.0,23100.0,1.0,23200.0,1.0,23300.0,1.0,23400.0,1.0,23500.0,1.0,23600.0,1.0
000629.SZ,2020-08-10,09:55:29,22700.0,0.0040816326530612,92.6530612244898,22600.0,1.0,22500.0,1.0,22400.0,1.0,22300.0,1,22200.0,1.0,22100.0,1.0,22000.0,1.0,21900.0,1.0,21800.0,1.0,21700.0,1.0,22700.0,1.0,22800.0,1.0,22900.0,1.0,23000.0,1.0,23100.0,1.0,23200.0,1.0,23300.0,1.0,23400.0,1.0,23500.0,1.0,23600.0,1.0
000629.SZ,2020-08-10,09:55:30,22700.0,0.0027210884353741,61.76870748299319,22600.0,1.0,22500.0,1.0,22400.0,1.0,22300.0,1,22200.0,1.0,22100.0,1.0,22000.0,1.0,21900.0,1.0,21800.0,1.0,21700.0,1.0,22700.0,1.0,22800.0,1.0,22900.0,1.0,23000.0,1.0,23100.0,1.0,23200.0,1.0,23300.0,1.0,23400.0,1.0,23500.0,1.0,23600.0,1.0
000629.SZ,2020-08-10,09:55:31,22700.0,0.1061224489795918,2408.9795918367345,22600.0,1.0,22500.0,1.0,22400.0,1.0,22300.0,1,22200.0,1.0,22100.0,1.0,22000.0,1.0,21900.0,1.0,21800.0,1.0,21700.0,1.0,22700.0,1.0,22800.0,1.0,22900.0,1.0,23000.0,1.0,23100.0,1.0,23200.0,1.0,23300.0,1.0,23400.0,1.0,23500.0,1.0,23600.0,1.0
000629.SZ,2020-08-10,09:55:32,22700.0,0.0,0.0,22600.0,1.0,22500.0,1.0,22400.0,1.0,22300.0,1,22200.0,1.0,22100.0,1.0,22000.0,1.0,21900.0,1.0,21800.0,1.0,21700.0,1.0,22700.0,1.0,22800.0,1.0,22900.0,1.0,23000.0,1.0,23100.0,1.0,23200.0,1.0,23300.0,1.0,23400.0,1.0,23500.0,1.0,23600.0,1.0
000629.SZ,2020-08-10,09:55:33,22700.0,0.0,0.0,22600.0,1.0,22500.0,1.0,22400.0,1.0,22300.0,1,22200.0,1.0,22100.0,1.0,22000.0,1.0,21900.0,1.0,21800.0,1.0,21700.0,1.0,22700.0,1.0,22800.0,1.0,22900.0,1.0,23000.0,1.0,23100.0,1.0,23200.0,1.0,23300.0,1.0,23400.0,1.0,23500.0,1.0,23600.0,1.0
000629.SZ,2020-08-10,09:55:34,22700.0,0.0,0.0,22600.0,1.0,22500.0,1.0,22400.0,1.0,22300.0,1,22200.0,1.0,22100.0,1.0,22000.0,1.0,21900.0,1.0,21800.0,1.0,21700.0,1.0,22700.0,1.0,22800.0,1.0,22900.0,1.0,23000.0,1.0,23100.0,1.0,23200.0,1.0,23300.0,1.0,23400.0,1.0,23500.0,1.0,23600.0,1.0
000629.SZ,2020-08-10,09:55:35,22700.0,0.0,0.0,22600.0,1.0,22500.0,1.0,22400.0,1.0,22300.0,1,22200.0,1.0,22100.0,1.0,22000.0,1.0,21900.0,1.0,21800.0,1.0,21700.0,1.0,22700.0,1.0,22800.0,1.0,22900.0,1.0,23000.0,1.0,23100.0,1.0,23200.0,1.0,23300.0,1.0,23400.0,1.0,23500.0,1.0,23600.0,1.0
000629.SZ,2020-08-10,09:55:36,22700.0,0.0,0.0,22600.0,1.0,22500.0,1.0,22400.0,1.0,22300.0,1,22200.0,1.0,22100.0,1.0,22000.0,1.0,21900.0,1.0,21800.0,1.0,21700.0,1.0,22700.0,1.0,22800.0,1.0,22900.0,1.0,23000.0,1.0,23100.0,1.0,23200.0,1.0,23300.0,1.0,23400.0,1.0,23500.0,1.0,23600.0,1.0
000629.SZ,2020-08-10,09:55:37,22700.0,0.001360544217687,30.8843537414966,22600.0,1.0,22500.0,1.0,22400.0,1.0,22300.0,1,22200.0,1.0,22100.0,1.0,22000.0,1.0,21900.0,1.0,21800.0,1.0,21700.0,1.0,22700.0,1.0,22800.0,1.0,22900.0,1.0,23000.0,1.0,23100.0,1.0,23200.0,1.0,23300.0,1.0,23400.0,1.0,23500.0,1.0,23600.0,1.0
000629.SZ,2020-08-10,09:55:38,22700.0,0.0,0.0,22600.0,1.0,22500.0,1.0,22400.0,1.0,22300.0,1,22200.0,1.0,22100.0,1.0,22000.0,1.0,21900.0,1.0,21800.0,1.0,21700.0,1.0,22700.0,1.0,22800.0,1.0,22900.0,1.0,23000.0,1.0,23100.0,1.0,23200.0,1.0,23300.0,1.0,23400.0,1.0,23500.0,1.0,23600.0,1.0
000629.SZ,2020-08-10,09:55:39,22700.0,0.0,0.0,22600.0,1.0,22500.0,1.0,22400.0,1.0,22300.0,1,22200.0,1.0,22100.0,1.0,22000.0,1.0,21900.0,1.0,21800.0,1.0,21700.0,1.0,22700.0,1.0,22800.0,1.0,22900.0,1.0,23000.0,1.0,23100.0,1.0,23200.0,1.0,23300.0,1.0,23400.0,1.0,23500.0,1.0,23600.0,1.0
000629.SZ,2020-08-10,09:55:40,22700.0,0.001360544217687,30.8843537414966,22600.0,1.0,22500.0,1.0,22400.0,1.0,22300.0,1,22200.0,1.0,22100.0,1.0,22000.0,1.0,21900.0,1.0,21800.0,1.0,21700.0,1.0,22700.0,1.0,22800.0,1.0,22900.0,1.0,23000.0,1.0,23100.0,1.0,23200.0,1.0,23300.0,1.0,23400.0,1.0,23500.0,1.0,23600.0,1.0
000629.SZ,2020-08-10,09:55:41,22700.0,0.0843537414965986,1914.829931972789,22600.0,1.0,22500.0,1.0,22400.0,1.0,22300.0,1,22200.0,1.0,22100.0,1.0,22000.0,1.0,21900.0,1.0,21800.0,1.0,21700.0,1.0,22700.0,1.0,22800.0,1.0,22900.0,1.0,23000.0,1.0,23100.0,1.0,23200.0,1.0,23300.0,1.0,23400.0,1.0,23500.0,1.0,23600.0,1.0
000629.SZ,2020-08-10,09:55:42,22700.0,0.4081632653061224,9265.30612244898,22600.0,1.0,22500.0,1.0,22400.0,1.0,22300.0,1,22200.0,1.0,22100.0,1.0,22000.0,1.0,21900.0,1.0,21800.0,1.0,21700.0,1.0,22700.0,1.0,22800.0,1.0,22900.0,1.0,23000.0,1.0,23100.0,1.0,23200.0,1.0,23300.0,1.0,23400.0,1.0,23500.0,1.0,23600.0,1.0
000629.SZ,2020-08-10,09:55:43,22700.0,0.0,0.0,22600.0,1.0,22500.0,1.0,22400.0,1.0,22300.0,1,22200.0,1.0,22100.0,1.0,22000.0,1.0,21900.0,1.0,21800.0,1.0,21700.0,1.0,22700.0,1.0,22800.0,1.0,22900.0,1.0,23000.0,1.0,23100.0,1.0,23200.0,1.0,23300.0,1.0,23400.0,1.0,23500.0,1.0,23600.0,1.0
000629.SZ,2020-08-10,09:55:44,22700.0,0.0,0.0,22600.0,1.0,22500.0,1.0,22400.0,1.0,22300.0,1,22200.0,1.0,22100.0,1.0,22000.0,1.0,21900.0,1.0,21800.0,1.0,21700.0,1.0,22700.0,1.0,22800.0,1.0,22900.0,1.0,23000.0,1.0,23100.0,1.0,23200.0,1.0,23300.0,1.0,23400.0,1.0,23500.0,1.0,23600.0,1.0
000629.SZ,2020-08-10,09:55:45,22700.0,0.0,0.0,22600.0,1.0,22500.0,1.0,22400.0,1.0,22300.0,1,22200.0,1.0,22100.0,1.0,22000.0,1.0,21900.0,1.0,21800.0,1.0,21700.0,1.0,22700.0,1.0,22800.0,1.0,22900.0,1.0,23000.0,1.0,23100.0,1.0,23200.0,1.0,23300.0,1.0,23400.0,1.0,23500.0,1.0,23600.0,1.0
000629.SZ,2020-08-10,09:55:46,22700.0,0.0,0.0,22600.0,1.0,22500.0,1.0,22400.0,1.0,22300.0,1,22200.0,1.0,22100.0,1.0,22000.0,1.0,21900.0,1.0,21800.0,1.0,21700.0,1.0,22700.0,1.0,22800.0,1.0,22900.0,1.0,23000.0,1.0,23100.0,1.0,23200.0,1.0,23300.0,1.0,23400.0,1.0,23500.0,1.0,23600.0,1.0
000629.SZ,2020-08-10,09:55:47,22700.0,0.0,0.0,22600.0,1.0,22500.0,1.0,22400.0,1.0,22300.0,1,22200.0,1.0,22100.0,1.0,22000.0,1.0,21900.0,1.0,21800.0,1.0,21700.0,1.0,22700.0,1.0,22800.0,1.0,22900.0,1.0,23000.0,1.0,23100.0,1.0,23200.0,1.0,23300.0,1.0,23400.0,1.0,23500.0,1.0,23600.0,1.0
000629.SZ,2020-08-10,09:55:48,22700.0,0.0,0.0,22600.0,1.0,22500.0,1.0,22400.0,1.0,22300.0,1,22200.0,1.0,22100.0,1.0,22000.0,1.0,21900.0,1.0,21800.0,1.0,21700.0,1.0,22700.0,1.0,22800.0,1.0,22900.0,1.0,23000.0,1.0,23100.0,1.0,23200.0,1.0,23300.0,1.0,23400.0,1.0,23500.0,1.0,23600.0,1.0
000629.SZ,2020-08-10,09:55:49,22700.0,0.0,0.0,22600.0,1.0,22500.0,1.0,22400.0,1.0,22300.0,1,22200.0,1.0,22100.0,1.0,22000.0,1.0,21900.0,1.0,21800.0,1.0,21700.0,1.0,22700.0,1.0,22800.0,1.0,22900.0,1.0,23000.0,1.0,23100.0,1.0,23200.0,1.0,23300.0,1.0,23400.0,1.0,23500.0,1.0,23600.0,1.0
000629.SZ,2020-08-10,09:55:50,22700.0,0.0,0.0,22600.0,1.0,22500.0,1.0,22400.0,1.0,22300.0,1,22200.0,1.0,22100.0,1.0,22000.0,1.0,21900.0,1.0,21800.0,1.0,21700.0,1.0,22700.0,1.0,22800.0,1.0,22900.0,1.0,23000.0,1.0,23100.0,1.0,23200.0,1.0,23300.0,1.0,23400.0,1.0,23500.0,1.0,23600.0,1.0
000629.SZ,2020-08-10,09:55:51,22700.0,0.0258503401360544,586.8027210884353,22600.0,1.0,22500.0,1.0,22400.0,1.0,22300.0,1,22200.0,1.0,22100.0,1.0,22000.0,1.0,21900.0,1.0,21800.0,1.0,21700.0,1.0,22700.0,1.0,22800.0,1.0,22900.0,1.0,23000.0,1.0,23100.0,1.0,23200.0,1.0,23300.0,1.0,23400.0,1.0,23500.0,1.0,23600.0,1.0
000629.SZ,2020-08-10,09:55:52,22700.0,0.0353741496598639,802.9931972789117,22600.0,1.0,22500.0,1.0,22400.0,1.0,22300.0,1,22200.0,1.0,22100.0,1.0,22000.0,1.0,21900.0,1.0,21800.0,1.0,21700.0,1.0,22700.0,1.0,22800.0,1.0,22900.0,1.0,23000.0,1.0,23100.0,1.0,23200.0,1.0,23300.0,1.0,23400.0,1.0,23500.0,1.0,23600.0,1.0
000629.SZ,2020-08-10,09:55:53,22700.0,0.0,0.0,22600.0,1.0,22500.0,1.0,22400.0,1.0,22300.0,1,22200.0,1.0,22100.0,1.0,22000.0,1.0,21900.0,1.0,21800.0,1.0,21700.0,1.0,22700.0,1.0,22800.0,1.0,22900.0,1.0,23000.0,1.0,23100.0,1.0,23200.0,1.0,23300.0,1.0,23400.0,1.0,23500.0,1.0,23600.0,1.0
000629.SZ,2020-08-10,09:55:54,22700.0,0.0,0.0,22600.0,1.0,22500.0,1.0,22400.0,1.0,22300.0,1,22200.0,1.0,22100.0,1.0,22000.0,1.0,21900.0,1.0,21800.0,1.0,21700.0,1.0,22700.0,1.0,22800.0,1.0,22900.0,1.0,23000.0,1.0,23100.0,1.0,23200.0,1.0,23300.0,1.0,23400.0,1.0,23500.0,1.0,23600.0,1.0
000629.SZ,2020-08-10,09:55:55,22700.0,0.001360544217687,31.020408163265305,22700.0,1.0,22600.0,1.0,22500.0,1.0,22400.0,1,22300.0,1.0,22200.0,1.0,22100.0,1.0,22000.0,1.0,21900.0,1.0,21800.0,1.0,22800.0,1.0,22900.0,1.0,23000.0,1.0,23100.0,1.0,23200.0,1.0,23300.0,1.0,23400.0,1.0,23500.0,1.0,23600.0,1.0,23700.0,1.0
000629.SZ,2020-08-10,09:55:56,22800.0,0.0,0.0,22700.0,1.0,22600.0,1.0,22500.0,1.0,22400.0,1,22300.0,1.0,22200.0,1.0,22100.0,1.0,22000.0,1.0,21900.0,1.0,21800.0,1.0,22800.0,1.0,22900.0,1.0,23000.0,1.0,23100.0,1.0,23200.0,1.0,23300.0,1.0,23400.0,1.0,23500.0,1.0,23600.0,1.0,23700.0,1.0
000629.SZ,2020-08-10,09:55:57,22800.0,0.0,0.0,22700.0,1.0,22600.0,1.0,22500.0,1.0,22400.0,1,22300.0,1.0,22200.0,1.0,22100.0,1.0,22000.0,1.0,21900.0,1.0,21800.0,1.0,22800.0,1.0,22900.0,1.0,23000.0,1.0,23100.0,1.0,23200.0,1.0,23300.0,1.0,23400.0,1.0,23500.0,1.0,23600.0,1.0,23700.0,1.0
000629.SZ,2020-08-10,09:55:58,22800.0,0.1551020408163265,3521.281632653061,22700.0,1.0,22600.0,1.0,22500.0,1.0,22400.0,1,22300.0,1.0,22200.0,1.0,22100.0,1.0,22000.0,1.0,21900.0,1.0,21800.0,1.0,22800.0,1.0,22900.0,1.0,23000.0,1.0,23100.0,1.0,23200.0,1.0,23300.0,1.0,23400.0,1.0,23500.0,1.0,23600.0,1.0,23700.0,1.0
000629.SZ,2020-08-10,09:55:59,22700.0,0.0,0.0,22700.0,1.0,22600.0,1.0,22500.0,1.0,22400.0,1,22300.0,1.0,22200.0,1.0,22100.0,1.0,22000.0,1.0,21900.0,1.0,21800.0,1.0,22800.0,1.0,22900.0,1.0,23000.0,1.0,23100.0,1.0,23200.0,1.0,23300.0,1.0,23400.0,1.0,23500.0,1.0,23600.0,1.0,23700.0,1.0
000629.SZ,2020-08-10,09:56:00,22700.0,0.001360544217687,30.8843537414966,22700.0,1.0,22600.0,1.0,22500.0,1.0,22400.0,1,22300.0,1.0,22200.0,1.0,22100.0,1.0,22000.0,1.0,21900.0,1.0,21800.0,1.0,22800.0,1.0,22900.0,1.0,23000.0,1.0,23100.0,1.0,23200.0,1.0,23300.0,1.0,23400.0,1.0,23500.0,1.0,23600.0,1.0,23700.0,1.0
000629.SZ,2020-08-10,09:56:01,22700.0,0.0149659863945578,339.7278911564626,22700.0,1.0,22600.0,1.0,22500.0,1.0,22400.0,1,22300.0,1.0,22200.0,1.0,22100.0,1.0,22000.0,1.0,21900.0,1.0,21800.0,1.0,22800.0,1.0,22900.0,1.0,23000.0,1.0,23100.0,1.0,23200.0,1.0,23300.0,1.0,23400.0,1.0,23500.0,1.0,23600.0,1.0,23700.0,1.0
000629.SZ,2020-08-10,09:56:02,22700.0,0.0,0.0,22700.0,1.0,22600.0,1.0,22500.0,1.0,22400.0,1,22300.0,1.0,22200.0,1.0,22100.0,1.0,22000.0,1.0,21900.0,1.0,21800.0,1.0,22800.0,1.0,22900.0,1.0,23000.0,1.0,23100.0,1.0,23200.0,1.0,23300.0,1.0,23400.0,1.0,23500.0,1.0,23600.0,1.0,23700.0,1.0
000629.SZ,2020-08-10,09:56:03,22700.0,0.0,0.0,22700.0,1.0,22600.0,1.0,22500.0,1.0,22400.0,1,22300.0,1.0,22200.0,1.0,22100.0,1.0,22000.0,1.0,21900.0,1.0,21800.0,1.0,22800.0,1.0,22900.0,1.0,23000.0,1.0,23100.0,1.0,23200.0,1.0,23300.0,1.0,23400.0,1.0,23500.0,1.0,23600.0,1.0,23700.0,1.0
000629.SZ,2020-08-10,09:56:04,22700.0,0.2176870748299319,4941.496598639455,22700.0,1.0,22600.0,1.0,22500.0,1.0,22400.0,1,22300.0,1.0,22200.0,1.0,22100.0,1.0,22000.0,1.0,21900.0,1.0,21800.0,1.0,22800.0,1.0,22900.0,1.0,23000.0,1.0,23100.0,1.0,23200.0,1.0,23300.0,1.0,23400.0,1.0,23500.0,1.0,23600.0,1.0,23700.0,1.0
000629.SZ,2020-08-10,09:56:05,22700.0,0.0068027210884353,154.42176870748298,22700.0,1.0,22600.0,1.0,22500.0,1.0,22400.0,1,22300.0,1.0,22200.0,1.0,22100.0,1.0,22000.0,1.0,21900.0,1.0,21800.0,1.0,22800.0,1.0,22900.0,1.0,23000.0,1.0,23100.0,1.0,23200.0,1.0,23300.0,1.0,23400.0,1.0,23500.0,1.0,23600.0,1.0,23700.0,1.0
000629.SZ,2020-08-10,09:56:06,22700.0,0.0,0.0,22700.0,1.0,22600.0,1.0,22500.0,1.0,22400.0,1,22300.0,1.0,22200.0,1.0,22100.0,1.0,22000.0,1.0,21900.0,1.0,21800.0,1.0,22800.0,1.0,22900.0,1.0,23000.0,1.0,23100.0,1.0,23200.0,1.0,23300.0,1.0,23400.0,1.0,23500.0,1.0,23600.0,1.0,23700.0,1.0
000629.SZ,2020-08-10,09:56:07,22700.0,0.0136054421768707,308.843537414966,22700.0,1.0,22600.0,1.0,22500.0,1.0,22400.0,1,22300.0,1.0,22200.0,1.0,22100.0,1.0,22000.0,1.0,21900.0,1.0,21800.0,1.0,22800.0,1.0,22900.0,1.0,23000.0,1.0,23100.0,1.0,23200.0,1.0,23300.0,1.0,23400.0,1.0,23500.0,1.0,23600.0,1.0,23700.0,1.0
000629.SZ,2020-08-10,09:56:08,22700.0,0.0,0.0,22700.0,1.0,22600.0,1.0,22500.0,1.0,22400.0,1,22300.0,1.0,22200.0,1.0,22100.0,1.0,22000.0,1.0,21900.0,1.0,21800.0,1.0,22800.0,1.0,22900.0,1.0,23000.0,1.0,23100.0,1.0,23200.0,1.0,23300.0,1.0,23400.0,1.0,23500.0,1.0,23600.0,1.0,23700.0,1.0
000629.SZ,2020-08-10,09:56:09,22700.0,0.0,0.0,22700.0,1.0,22600.0,1.0,22500.0,1.0,22400.0,1,22300.0,1.0,22200.0,1.0,22100.0,1.0,22000.0,1.0,21900.0,1.0,21800.0,1.0,22800.0,1.0,22900.0,1.0,23000.0,1.0,23100.0,1.0,23200.0,1.0,23300.0,1.0,23400.0,1.0,23500.0,1.0,23600.0,1.0,23700.0,1.0
000629.SZ,2020-08-10,09:56:10,22700.0,0.0,0.0,22700.0,1.0,22600.0,1.0,22500.0,1.0,22400.0,1,22300.0,1.0,22200.0,1.0,22100.0,1.0,22000.0,1.0,21900.0,1.0,21800.0,1.0,22800.0,1.0,22900.0,1.0,23000.0,1.0,23100.0,1.0,23200.0,1.0,23300.0,1.0,23400.0,1.0,23500.0,1.0,23600.0,1.0,23700.0,1.0
000629.SZ,2020-08-10,09:56:11,22700.0,0.4081632653061224,9306.122448979591,22700.0,1.0,22600.0,1.0,22500.0,1.0,22400.0,1,22300.0,1.0,22200.0,1.0,22100.0,1.0,22000.0,1.0,21900.0,1.0,21800.0,1.0,22800.0,1.0,22900.0,1.0,23000.0,1.0,23100.0,1.0,23200.0,1.0,23300.0,1.0,23400.0,1.0,23500.0,1.0,23600.0,1.0,23700.0,1.0
000629.SZ,2020-08-10,09:56:12,22800.0,0.0,0.0,22700.0,1.0,22600.0,1.0,22500.0,1.0,22400.0,1,22300.0,1.0,22200.0,1.0,22100.0,1.0,22000.0,1.0,21900.0,1.0,21800.0,1.0,22800.0,1.0,22900.0,1.0,23000.0,1.0,23100.0,1.0,23200.0,1.0,23300.0,1.0,23400.0,1.0,23500.0,1.0,23600.0,1.0,23700.0,1.0
000629.SZ,2020-08-10,09:56:13,22800.0,0.0,0.0,22700.0,1.0,22600.0,1.0,22500.0,1.0,22400.0,1,22300.0,1.0,22200.0,1.0,22100.0,1.0,22000.0,1.0,21900.0,1.0,21800.0,1.0,22800.0,1.0,22900.0,1.0,23000.0,1.0,23100.0,1.0,23200.0,1.0,23300.0,1.0,23400.0,1.0,23500.0,1.0,23600.0,1.0,23700.0,1.0
000629.SZ,2020-08-10,09:56:14,22800.0,0.0680272108843537,1551.0204081632655,22700.0,1.0,22600.0,1.0,22500.0,1.0,22400.0,1,22300.0,1.0,22200.0,1.0,22100.0,1.0,22000.0,1.0,21900.0,1.0,21800.0,1.0,22800.0,1.0,22900.0,1.0,23000.0,1.0,23100.0,1.0,23200.0,1.0,23300.0,1.0,23400.0,1.0,23500.0,1.0,23600.0,1.0,23700.0,1.0
000629.SZ,2020-08-10,09:56:15,22800.0,0.0,0.0,22700.0,1.0,22600.0,1.0,22500.0,1.0,22400.0,1,22300.0,1.0,22200.0,1.0,22100.0,1.0,22000.0,1.0,21900.0,1.0,21800.0,1.0,22800.0,1.0,22900.0,1.0,23000.0,1.0,23100.0,1.0,23200.0,1.0,23300.0,1.0,23400.0,1.0,23500.0,1.0,23600.0,1.0,23700.0,1.0
000629.SZ,2020-08-10,09:56:16,22800.0,0.0,0.0,22700.0,1.0,22600.0,1.0,22500.0,1.0,22400.0,1,22300.0,1.0,22200.0,1.0,22100.0,1.0,22000.0,1.0,21900.0,1.0,21800.0,1.0,22800.0,1.0,22900.0,1.0,23000.0,1.0,23100.0,1.0,23200.0,1.0,23300.0,1.0,23400.0,1.0,23500.0,1.0,23600.0,1.0,23700.0,1.0
000629.SZ,2020-08-10,09:56:17,22800.0,0.0,0.0,22700.0,1.0,22600.0,1.0,22500.0,1.0,22400.0,1,22300.0,1.0,22200.0,1.0,22100.0,1.0,22000.0,1.0,21900.0,1.0,21800.0,1.0,22800.0,1.0,22900.0,1.0,23000.0,1.0,23100.0,1.0,23200.0,1.0,23300.0,1.0,23400.0,1.0,23500.0,1.0,23600.0,1.0,23700.0,1.0
000629.SZ,2020-08-10,09:56:18,22800.0,0.0,0.0,22700.0,1.0,22600.0,1.0,22500.0,1.0,22400.0,1,22300.0,1.0,22200.0,1.0,22100.0,1.0,22000.0,1.0,21900.0,1.0,21800.0,1.0,22800.0,1.0,22900.0,1.0,23000.0,1.0,23100.0,1.0,23200.0,1.0,23300.0,1.0,23400.0,1.0,23500.0,1.0,23600.0,1.0,23700.0,1.0
000629.SZ,2020-08-10,09:56:19,22800.0,0.1387755102040816,3164.081632653061,22700.0,1.0,22600.0,1.0,22500.0,1.0,22400.0,1,22300.0,1.0,22200.0,1.0,22100.0,1.0,22000.0,1.0,21900.0,1.0,21800.0,1.0,22800.0,1.0,22900.0,1.0,23000.0,1.0,23100.0,1.0,23200.0,1.0,23300.0,1.0,23400.0,1.0,23500.0,1.0,23600.0,1.0,23700.0,1.0
000629.SZ,2020-08-10,09:56:20,22800.0,0.0,0.0,22700.0,1.0,22600.0,1.0,22500.0,1.0,22400.0,1,22300.0,1.0,22200.0,1.0,22100.0,1.0,22000.0,1.0,21900.0,1.0,21800.0,1.0,22800.0,1.0,22900.0,1.0,23000.0,1.0,23100.0,1.0,23200.0,1.0,23300.0,1.0,23400.0,1.0,23500.0,1.0,23600.0,1.0,23700.0,1.0
000629.SZ,2020-08-10,09:56:21,22800.0,0.0,0.0,22700.0,1.0,22600.0,1.0,22500.0,1.0,22400.0,1,22300.0,1.0,22200.0,1.0,22100.0,1.0,22000.0,1.0,21900.0,1.0,21800.0,1.0,22800.0,1.0,22900.0,1.0,23000.0,1.0,23100.0,1.0,23200.0,1.0,23300.0,1.0,23400.0,1.0,23500.0,1.0,23600.0,1.0,23700.0,1.0
000629.SZ,2020-08-10,09:56:22,22800.0,0.0,0.0,22700.0,1.0,22600.0,1.0,22500.0,1.0,22400.0,1,22300.0,1.0,22200.0,1.0,22100.0,1.0,22000.0,1.0,21900.0,1.0,21800.0,1.0,22800.0,1.0,22900.0,1.0,23000.0,1.0,23100.0,1.0,23200.0,1.0,23300.0,1.0,23400.0,1.0,23500.0,1.0,23600.0,1.0,23700.0,1.0
000629.SZ,2020-08-10,09:56:23,22800.0,0.0,0.0,22700.0,1.0,22600.0,1.0,22500.0,1.0,22400.0,1,22300.0,1.0,22200.0,1.0,22100.0,1.0,22000.0,1.0,21900.0,1.0,21800.0,1.0,22800.0,1.0,22900.0,1.0,23000.0,1.0,23100.0,1.0,23200.0,1.0,23300.0,1.0,23400.0,1.0,23500.0,1.0,23600.0,1.0,23700.0,1.0
000629.SZ,2020-08-10,09:56:24,22800.0,0.2884353741496598,6547.482993197279,22700.0,1.0,22600.0,1.0,22500.0,1.0,22400.0,1,22300.0,1.0,22200.0,1.0,22100.0,1.0,22000.0,1.0,21900.0,1.0,21800.0,1.0,22800.0,1.0,22900.0,1.0,23000.0,1.0,23100.0,1.0,23200.0,1.0,23300.0,1.0,23400.0,1.0,23500.0,1.0,23600.0,1.0,23700.0,1.0
000629.SZ,2020-08-10,09:56:25,22700.0,0.1088435374149659,2470.748299319728,22700.0,1.0,22600.0,1.0,22500.0,1.0,22400.0,1,22300.0,1.0,22200.0,1.0,22100.0,1.0,22000.0,1.0,21900.0,1.0,21800.0,1.0,22800.0,1.0,22900.0,1.0,23000.0,1.0,23100.0,1.0,23200.0,1.0,23300.0,1.0,23400.0,1.0,23500.0,1.0,23600.0,1.0,23700.0,1.0
000629.SZ,2020-08-10,09:56:26,22700.0,0.0027210884353741,62.04081632653061,22700.0,1.0,22600.0,1.0,22500.0,1.0,22400.0,1,22300.0,1.0,22200.0,1.0,22100.0,1.0,22000.0,1.0,21900.0,1.0,21800.0,1.0,22800.0,1.0,22900.0,1.0,23000.0,1.0,23100.0,1.0,23200.0,1.0,23300.0,1.0,23400.0,1.0,23500.0,1.0,23600.0,1.0,23700.0,1.0
000629.SZ,2020-08-10,09:56:27,22800.0,0.0598639455782312,1364.8979591836735,22700.0,1.0,22600.0,1.0,22500.0,1.0,22400.0,1,22300.0,1.0,22200.0,1.0,22100.0,1.0,22000.0,1.0,21900.0,1.0,21800.0,1.0,22800.0,1.0,22900.0,1.0,23000.0,1.0,23100.0,1.0,23200.0,1.0,23300.0,1.0,23400.0,1.0,23500.0,1.0,23600.0,1.0,23700.0,1.0
000629.SZ,2020-08-10,09:56:28,22800.0,0.0,0.0,22700.0,1.0,22600.0,1.0,22500.0,1.0,22400.0,1,22300.0,1.0,22200.0,1.0,22100.0,1.0,22000.0,1.0,21900.0,1.0,21800.0,1.0,22800.0,1.0,22900.0,1.0,23000.0,1.0,23100.0,1.0,23200.0,1.0,23300.0,1.0,23400.0,1.0,23500.0,1.0,23600.0,1.0,23700.0,1.0
000629.SZ,2020-08-10,09:56:29,22800.0,0.0,0.0,22700.0,1.0,22600.0,1.0,22500.0,1.0,22400.0,1,22300.0,1.0,22200.0,1.0,22100.0,1.0,22000.0,1.0,21900.0,1.0,21800.0,1.0,22800.0,1.0,22900.0,1.0,23000.0,1.0,23100.0,1.0,23200.0,1.0,23300.0,1.0,23400.0,1.0,23500.0,1.0,23600.0,1.0,23700.0,1.0
000629.SZ,2020-08-10,09:56:30,22800.0,0.0,0.0,22700.0,1.0,22600.0,1.0,22500.0,1.0,22400.0,1,22300.0,1.0,22200.0,1.0,22100.0,1.0,22000.0,1.0,21900.0,1.0,21800.0,1.0,22800.0,1.0,22900.0,1.0,23000.0,1.0,23100.0,1.0,23200.0,1.0,23300.0,1.0,23400.0,1.0,23500.0,1.0,23600.0,1.0,23700.0,1.0
000629.SZ,2020-08-10,09:56:31,22800.0,0.0,0.0,22700.0,1.0,22600.0,1.0,22500.0,1.0,22400.0,1,22300.0,1.0,22200.0,1.0,22100.0,1.0,22000.0,1.0,21900.0,1.0,21800.0,1.0,22800.0,1.0,22900.0,1.0,23000.0,1.0,23100.0,1.0,23200.0,1.0,23300.0,1.0,23400.0,1.0,23500.0,1.0,23600.0,1.0,23700.0,1.0
000629.SZ,2020-08-10,09:56:32,22800.0,0.0,0.0,22700.0,1.0,22600.0,1.0,22500.0,1.0,22400.0,1,22300.0,1.0,22200.0,1.0,22100.0,1.0,22000.0,1.0,21900.0,1.0,21800.0,1.0,22800.0,1.0,22900.0,1.0,23000.0,1.0,23100.0,1.0,23200.0,1.0,23300.0,1.0,23400.0,1.0,23500.0,1.0,23600.0,1.0,23700.0,1.0
000629.SZ,2020-08-10,09:56:33,22800.0,0.0,0.0,22700.0,1.0,22600.0,1.0,22500.0,1.0,22400.0,1,22300.0,1.0,22200.0,1.0,22100.0,1.0,22000.0,1.0,21900.0,1.0,21800.0,1.0,22800.0,1.0,22900.0,1.0,23000.0,1.0,23100.0,1.0,23200.0,1.0,23300.0,1.0,23400.0,1.0,23500.0,1.0,23600.0,1.0,23700.0,1.0
000629.SZ,2020-08-10,09:56:34,22800.0,0.0,0.0,22700.0,1.0,22600.0,1.0,22500.0,1.0,22400.0,1,22300.0,1.0,22200.0,1.0,22100.0,1.0,22000.0,1.0,21900.0,1.0,21800.0,1.0,22800.0,1.0,22900.0,1.0,23000.0,1.0,23100.0,1.0,23200.0,1.0,23300.0,1.0,23400.0,1.0,23500.0,1.0,23600.0,1.0,23700.0,1.0
000629.SZ,2020-08-10,09:56:35,22800.0,0.001360544217687,31.020408163265305,22700.0,1.0,22600.0,1.0,22500.0,1.0,22400.0,1,22300.0,1.0,22200.0,1.0,22100.0,1.0,22000.0,1.0,21900.0,1.0,21800.0,1.0,22800.0,1.0,22900.0,1.0,23000.0,1.0,23100.0,1.0,23200.0,1.0,23300.0,1.0,23400.0,1.0,23500.0,1.0,23600.0,1.0,23700.0,1.0
000629.SZ,2020-08-10,09:56:36,22800.0,0.0081632653061224,185.3061224489796,22700.0,1.0,22600.0,1.0,22500.0,1.0,22400.0,1,22300.0,1.0,22200.0,1.0,22100.0,1.0,22000.0,1.0,21900.0,1.0,21800.0,1.0,22800.0,1.0,22900.0,1.0,23000.0,1.0,23100.0,1.0,23200.0,1.0,23300.0,1.0,23400.0,1.0,23500.0,1.0,23600.0,1.0,23700.0,1.0
000629.SZ,2020-08-10,09:56:37,22700.0,0.0217687074829931,494.1496598639456,22700.0,1.0,22600.0,1.0,22500.0,1.0,22400.0,1,22300.0,1.0,22200.0,1.0,22100.0,1.0,22000.0,1.0,21900.0,1.0,21800.0,1.0,22800.0,1.0,22900.0,1.0,23000.0,1.0,23100.0,1.0,23200.0,1.0,23300.0,1.0,23400.0,1.0,23500.0,1.0,23600.0,1.0,23700.0,1.0
000629.SZ,2020-08-10,09:56:38,22700.0,0.0,0.0,22700.0,1.0,22600.0,1.0,22500.0,1.0,22400.0,1,22300.0,1.0,22200.0,1.0,22100.0,1.0,22000.0,1.0,21900.0,1.0,21800.0,1.0,22800.0,1.0,22900.0,1.0,23000.0,1.0,23100.0,1.0,23200.0,1.0,23300.0,1.0,23400.0,1.0,23500.0,1.0,23600.0,1.0,23700.0,1.0
000629.SZ,2020-08-10,09:56:39,22700.0,0.0,0.0,22700.0,1.0,22600.0,1.0,22500.0,1.0,22400.0,1,22300.0,1.0,22200.0,1.0,22100.0,1.0,22000.0,1.0,21900.0,1.0,21800.0,1.0,22800.0,1.0,22900.0,1.0,23000.0,1.0,23100.0,1.0,23200.0,1.0,23300.0,1.0,23400.0,1.0,23500.0,1.0,23600.0,1.0,23700.0,1.0
000629.SZ,2020-08-10,09:56:40,22700.0,0.0,0.0,22700.0,1.0,22600.0,1.0,22500.0,1.0,22400.0,1,22300.0,1.0,22200.0,1.0,22100.0,1.0,22000.0,1.0,21900.0,1.0,21800.0,1.0,22800.0,1.0,22900.0,1.0,23000.0,1.0,23100.0,1.0,23200.0,1.0,23300.0,1.0,23400.0,1.0,23500.0,1.0,23600.0,1.0,23700.0,1.0
000629.SZ,2020-08-10,09:56:41,22700.0,0.0,0.0,22700.0,1.0,22600.0,1.0,22500.0,1.0,22400.0,1,22300.0,1.0,22200.0,1.0,22100.0,1.0,22000.0,1.0,21900.0,1.0,21800.0,1.0,22800.0,1.0,22900.0,1.0,23000.0,1.0,23100.0,1.0,23200.0,1.0,23300.0,1.0,23400.0,1.0,23500.0,1.0,23600.0,1.0,23700.0,1.0
000629.SZ,2020-08-10,09:56:42,22700.0,0.001360544217687,30.8843537414966,22700.0,1.0,22600.0,1.0,22500.0,1.0,22400.0,1,22300.0,1.0,22200.0,1.0,22100.0,1.0,22000.0,1.0,21900.0,1.0,21800.0,1.0,22800.0,1.0,22900.0,1.0,23000.0,1.0,23100.0,1.0,23200.0,1.0,23300.0,1.0,23400.0,1.0,23500.0,1.0,23600.0,1.0,23700.0,1.0
000629.SZ,2020-08-10,09:56:43,22700.0,0.1863945578231292,4231.156462585034,22700.0,1.0,22600.0,1.0,22500.0,1.0,22400.0,1,22300.0,1.0,22200.0,1.0,22100.0,1.0,22000.0,1.0,21900.0,1.0,21800.0,1.0,22800.0,1.0,22900.0,1.0,23000.0,1.0,23100.0,1.0,23200.0,1.0,23300.0,1.0,23400.0,1.0,23500.0,1.0,23600.0,1.0,23700.0,1.0
000629.SZ,2020-08-10,09:56:44,22700.0,0.0,0.0,22700.0,1.0,22600.0,1.0,22500.0,1.0,22400.0,1,22300.0,1.0,22200.0,1.0,22100.0,1.0,22000.0,1.0,21900.0,1.0,21800.0,1.0,22800.0,1.0,22900.0,1.0,23000.0,1.0,23100.0,1.0,23200.0,1.0,23300.0,1.0,23400.0,1.0,23500.0,1.0,23600.0,1.0,23700.0,1.0
000629.SZ,2020-08-10,09:56:45,22700.0,0.0,0.0,22700.0,1.0,22600.0,1.0,22500.0,1.0,22400.0,1,22300.0,1.0,22200.0,1.0,22100.0,1.0,22000.0,1.0,21900.0,1.0,21800.0,1.0,22800.0,1.0,22900.0,1.0,23000.0,1.0,23100.0,1.0,23200.0,1.0,23300.0,1.0,23400.0,1.0,23500.0,1.0,23600.0,1.0,23700.0,1.0
000629.SZ,2020-08-10,09:56:46,22700.0,0.0,0.0,22700.0,1.0,22600.0,1.0,22500.0,1.0,22400.0,1,22300.0,1.0,22200.0,1.0,22100.0,1.0,22000.0,1.0,21900.0,1.0,21800.0,1.0,22800.0,1.0,22900.0,1.0,23000.0,1.0,23100.0,1.0,23200.0,1.0,23300.0,1.0,23400.0,1.0,23500.0,1.0,23600.0,1.0,23700.0,1.0
000629.SZ,2020-08-10,09:56:47,22700.0,0.0476190476190476,1080.952380952381,22700.0,1.0,22600.0,1.0,22500.0,1.0,22400.0,1,22300.0,1.0,22200.0,1.0,22100.0,1.0,22000.0,1.0,21900.0,1.0,21800.0,1.0,22800.0,1.0,22900.0,1.0,23000.0,1.0,23100.0,1.0,23200.0,1.0,23300.0,1.0,23400.0,1.0,23500.0,1.0,23600.0,1.0,23700.0,1.0
000629.SZ,2020-08-10,09:56:48,22700.0,0.0272108843537414,620.4081632653061,22700.0,1.0,22600.0,1.0,22500.0,1.0,22400.0,1,22300.0,1.0,22200.0,1.0,22100.0,1.0,22000.0,1.0,21900.0,1.0,21800.0,1.0,22800.0,1.0,22900.0,1.0,23000.0,1.0,23100.0,1.0,23200.0,1.0,23300.0,1.0,23400.0,1.0,23500.0,1.0,23600.0,1.0,23700.0,1.0
000629.SZ,2020-08-10,09:56:49,22800.0,0.0068027210884353,155.10204081632654,22700.0,1.0,22600.0,1.0,22500.0,1.0,22400.0,1,22300.0,1.0,22200.0,1.0,22100.0,1.0,22000.0,1.0,21900.0,1.0,21800.0,1.0,22800.0,1.0,22900.0,1.0,23000.0,1.0,23100.0,1.0,23200.0,1.0,23300.0,1.0,23400.0,1.0,23500.0,1.0,23600.0,1.0,23700.0,1.0
000629.SZ,2020-08-10,09:56:50,22800.0,0.2639455782312925,5991.564625850339,22700.0,1.0,22600.0,1.0,22500.0,1.0,22400.0,1,22300.0,1.0,22200.0,1.0,22100.0,1.0,22000.0,1.0,21900.0,1.0,21800.0,1.0,22800.0,1.0,22900.0,1.0,23000.0,1.0,23100.0,1.0,23200.0,1.0,23300.0,1.0,23400.0,1.0,23500.0,1.0,23600.0,1.0,23700.0,1.0
000629.SZ,2020-08-10,09:56:51,22700.0,0.0,0.0,22700.0,1.0,22600.0,1.0,22500.0,1.0,22400.0,1,22300.0,1.0,22200.0,1.0,22100.0,1.0,22000.0,1.0,21900.0,1.0,21800.0,1.0,22800.0,1.0,22900.0,1.0,23000.0,1.0,23100.0,1.0,23200.0,1.0,23300.0,1.0,23400.0,1.0,23500.0,1.0,23600.0,1.0,23700.0,1.0
000629.SZ,2020-08-10,09:56:52,22700.0,0.0,0.0,22700.0,1.0,22600.0,1.0,22500.0,1.0,22400.0,1,22300.0,1.0,22200.0,1.0,22100.0,1.0,22000.0,1.0,21900.0,1.0,21800.0,1.0,22800.0,1.0,22900.0,1.0,23000.0,1.0,23100.0,1.0,23200.0,1.0,23300.0,1.0,23400.0,1.0,23500.0,1.0,23600.0,1.0,23700.0,1.0
000629.SZ,2020-08-10,09:56:53,22700.0,0.0,0.0,22700.0,1.0,22600.0,1.0,22500.0,1.0,22400.0,1,22300.0,1.0,22200.0,1.0,22100.0,1.0,22000.0,1.0,21900.0,1.0,21800.0,1.0,22800.0,1.0,22900.0,1.0,23000.0,1.0,23100.0,1.0,23200.0,1.0,23300.0,1.0,23400.0,1.0,23500.0,1.0,23600.0,1.0,23700.0,1.0
000629.SZ,2020-08-10,09:56:54,22700.0,0.0,0.0,22700.0,1.0,22600.0,1.0,22500.0,1.0,22400.0,1,22300.0,1.0,22200.0,1.0,22100.0,1.0,22000.0,1.0,21900.0,1.0,21800.0,1.0,22800.0,1.0,22900.0,1.0,23000.0,1.0,23100.0,1.0,23200.0,1.0,23300.0,1.0,23400.0,1.0,23500.0,1.0,23600.0,1.0,23700.0,1.0
000629.SZ,2020-08-10,09:56:55,22700.0,0.0,0.0,22700.0,1.0,22600.0,1.0,22500.0,1.0,22400.0,1,22300.0,1.0,22200.0,1.0,22100.0,1.0,22000.0,1.0,21900.0,1.0,21800.0,1.0,22800.0,1.0,22900.0,1.0,23000.0,1.0,23100.0,1.0,23200.0,1.0,23300.0,1.0,23400.0,1.0,23500.0,1.0,23600.0,1.0,23700.0,1.0
000629.SZ,2020-08-10,09:56:56,22700.0,0.0897959183673469,2047.34693877551,22700.0,1.0,22600.0,1.0,22500.0,1.0,22400.0,1,22300.0,1.0,22200.0,1.0,22100.0,1.0,22000.0,1.0,21900.0,1.0,21800.0,1.0,22800.0,1.0,22900.0,1.0,23000.0,1.0,23100.0,1.0,23200.0,1.0,23300.0,1.0,23400.0,1.0,23500.0,1.0,23600.0,1.0,23700.0,1.0
000629.SZ,2020-08-10,09:56:57,22800.0,0.6326530612244898,14424.489795918367,22700.0,1.0,22600.0,1.0,22500.0,1.0,22400.0,1,22300.0,1.0,22200.0,1.0,22100.0,1.0,22000.0,1.0,21900.0,1.0,21800.0,1.0,22800.0,1.0,22900.0,1.0,23000.0,1.0,23100.0,1.0,23200.0,1.0,23300.0,1.0,23400.0,1.0,23500.0,1.0,23600.0,1.0,23700.0,1.0
000629.SZ,2020-08-10,09:56:58,22800.0,1.0,22772.0,22700.0,1.0,22600.0,1.0,22500.0,1.0,22400.0,1,22300.0,1.0,22200.0,1.0,22100.0,1.0,22000.0,1.0,21900.0,1.0,21800.0,1.0,22800.0,1.0,22900.0,1.0,23000.0,1.0,23100.0,1.0,23200.0,1.0,23300.0,1.0,23400.0,1.0,23500.0,1.0,23600.0,1.0,23700.0,1.0
000629.SZ,2020-08-10,09:56:59,22700.0,0.0,0.0,22700.0,1.0,22600.0,1.0,22500.0,1.0,22400.0,1,22300.0,1.0,22200.0,1.0,22100.0,1.0,22000.0,1.0,21900.0,1.0,21800.0,1.0,22800.0,1.0,22900.0,1.0,23000.0,1.0,23100.0,1.0,23200.0,1.0,23300.0,1.0,23400.0,1.0,23500.0,1.0,23600.0,1.0,23700.0,1.0
000629.SZ,2020-08-10,09:57:00,22700.0,0.0,0.0,22700.0,1.0,22600.0,1.0,22500.0,1.0,22400.0,1,22300.0,1.0,22200.0,1.0,22100.0,1.0,22000.0,1.0,21900.0,1.0,21800.0,1.0,22800.0,1.0,22900.0,1.0,23000.0,1.0,23100.0,1.0,23200.0,1.0,23300.0,1.0,23400.0,1.0,23500.0,1.0,23600.0,1.0,23700.0,1.0
000629.SZ,2020-08-10,09:57:01,22700.0,0.0068027210884353,155.10204081632654,22700.0,1.0,22600.0,1.0,22500.0,1.0,22400.0,1,22300.0,1.0,22200.0,1.0,22100.0,1.0,22000.0,1.0,21900.0,1.0,21800.0,1.0,22800.0,1.0,22900.0,1.0,23000.0,1.0,23100.0,1.0,23200.0,1.0,23300.0,1.0,23400.0,1.0,23500.0,1.0,23600.0,1.0,23700.0,1.0
000629.SZ,2020-08-10,09:57:02,22800.0,0.0,0.0,22700.0,1.0,22600.0,1.0,22500.0,1.0,22400.0,1,22300.0,1.0,22200.0,1.0,22100.0,1.0,22000.0,1.0,21900.0,1.0,21800.0,1.0,22800.0,1.0,22900.0,1.0,23000.0,1.0,23100.0,1.0,23200.0,1.0,23300.0,1.0,23400.0,1.0,23500.0,1.0,23600.0,1.0,23700.0,1.0
000629.SZ,2020-08-10,09:57:03,22800.0,0.0680272108843537,1551.0204081632655,22700.0,1.0,22600.0,1.0,22500.0,1.0,22400.0,1,22300.0,1.0,22200.0,1.0,22100.0,1.0,22000.0,1.0,21900.0,1.0,21800.0,1.0,22800.0,1.0,22900.0,1.0,23000.0,1.0,23100.0,1.0,23200.0,1.0,23300.0,1.0,23400.0,1.0,23500.0,1.0,23600.0,1.0,23700.0,1.0
000629.SZ,2020-08-10,09:57:04,22800.0,0.0040816326530612,93.06122448979592,22700.0,1.0,22600.0,1.0,22500.0,1.0,22400.0,1,22300.0,1.0,22200.0,1.0,22100.0,1.0,22000.0,1.0,21900.0,1.0,21800.0,1.0,22800.0,1.0,22900.0,1.0,23000.0,1.0,23100.0,1.0,23200.0,1.0,23300.0,1.0,23400.0,1.0,23500.0,1.0,23600.0,1.0,23700.0,1.0
000629.SZ,2020-08-10,09:57:05,22800.0,0.0,0.0,22700.0,1.0,22600.0,1.0,22500.0,1.0,22400.0,1,22300.0,1.0,22200.0,1.0,22100.0,1.0,22000.0,1.0,21900.0,1.0,21800.0,1.0,22800.0,1.0,22900.0,1.0,23000.0,1.0,23100.0,1.0,23200.0,1.0,23300.0,1.0,23400.0,1.0,23500.0,1.0,23600.0,1.0,23700.0,1.0
000629.SZ,2020-08-10,09:57:06,22800.0,0.0,0.0,22700.0,1.0,22600.0,1.0,22500.0,1.0,22400.0,1,22300.0,1.0,22200.0,1.0,22100.0,1.0,22000.0,1.0,21900.0,1.0,21800.0,1.0,22800.0,1.0,22900.0,1.0,23000.0,1.0,23100.0,1.0,23200.0,1.0,23300.0,1.0,23400.0,1.0,23500.0,1.0,23600.0,1.0,23700.0,1.0
000629.SZ,2020-08-10,09:57:07,22800.0,0.0,0.0,22700.0,1.0,22600.0,1.0,22500.0,1.0,22400.0,1,22300.0,1.0,22200.0,1.0,22100.0,1.0,22000.0,1.0,21900.0,1.0,21800.0,1.0,22800.0,1.0,22900.0,1.0,23000.0,1.0,23100.0,1.0,23200.0,1.0,23300.0,1.0,23400.0,1.0,23500.0,1.0,23600.0,1.0,23700.0,1.0
000629.SZ,2020-08-10,09:57:08,22800.0,0.0,0.0,22700.0,1.0,22600.0,1.0,22500.0,1.0,22400.0,1,22300.0,1.0,22200.0,1.0,22100.0,1.0,22000.0,1.0,21900.0,1.0,21800.0,1.0,22800.0,1.0,22900.0,1.0,23000.0,1.0,23100.0,1.0,23200.0,1.0,23300.0,1.0,23400.0,1.0,23500.0,1.0,23600.0,1.0,23700.0,1.0
000629.SZ,2020-08-10,09:57:09,22800.0,0.0,0.0,22700.0,1.0,22600.0,1.0,22500.0,1.0,22400.0,1,22300.0,1.0,22200.0,1.0,22100.0,1.0,22000.0,1.0,21900.0,1.0,21800.0,1.0,22800.0,1.0,22900.0,1.0,23000.0,1.0,23100.0,1.0,23200.0,1.0,23300.0,1.0,23400.0,1.0,23500.0,1.0,23600.0,1.0,23700.0,1.0
000629.SZ,2020-08-10,09:57:10,22800.0,0.2027210884353741,4622.04081632653,22700.0,1.0,22600.0,1.0,22500.0,1.0,22400.0,1,22300.0,1.0,22200.0,1.0,22100.0,1.0,22000.0,1.0,21900.0,1.0,21800.0,1.0,22800.0,1.0,22900.0,1.0,23000.0,1.0,23100.0,1.0,23200.0,1.0,23300.0,1.0,23400.0,1.0,23500.0,1.0,23600.0,1.0,23700.0,1.0
000629.SZ,2020-08-10,09:57:11,22800.0,0.0136054421768707,310.2040816326531,22700.0,1.0,22600.0,1.0,22500.0,1.0,22400.0,1,22300.0,1.0,22200.0,1.0,22100.0,1.0,22000.0,1.0,21900.0,1.0,21800.0,1.0,22800.0,1.0,22900.0,1.0,23000.0,1.0,23100.0,1.0,23200.0,1.0,23300.0,1.0,23400.0,1.0,23500.0,1.0,23600.0,1.0,23700.0,1.0
000629.SZ,2020-08-10,09:57:12,22800.0,0.0,0.0,22700.0,1.0,22600.0,1.0,22500.0,1.0,22400.0,1,22300.0,1.0,22200.0,1.0,22100.0,1.0,22000.0,1.0,21900.0,1.0,21800.0,1.0,22800.0,1.0,22900.0,1.0,23000.0,1.0,23100.0,1.0,23200.0,1.0,23300.0,1.0,23400.0,1.0,23500.0,1.0,23600.0,1.0,23700.0,1.0
000629.SZ,2020-08-10,09:57:13,22800.0,0.0299319727891156,679.4557823129252,22700.0,1.0,22600.0,1.0,22500.0,1.0,22400.0,1,22300.0,1.0,22200.0,1.0,22100.0,1.0,22000.0,1.0,21900.0,1.0,21800.0,1.0,22800.0,1.0,22900.0,1.0,23000.0,1.0,23100.0,1.0,23200.0,1.0,23300.0,1.0,23400.0,1.0,23500.0,1.0,23600.0,1.0,23700.0,1.0
000629.SZ,2020-08-10,09:57:14,22700.0,0.0,0.0,22700.0,1.0,22600.0,1.0,22500.0,1.0,22400.0,1,22300.0,1.0,22200.0,1.0,22100.0,1.0,22000.0,1.0,21900.0,1.0,21800.0,1.0,22800.0,1.0,22900.0,1.0,23000.0,1.0,23100.0,1.0,23200.0,1.0,23300.0,1.0,23400.0,1.0,23500.0,1.0,23600.0,1.0,23700.0,1.0
000629.SZ,2020-08-10,09:57:15,22700.0,0.0,0.0,22700.0,1.0,22600.0,1.0,22500.0,1.0,22400.0,1,22300.0,1.0,22200.0,1.0,22100.0,1.0,22000.0,1.0,21900.0,1.0,21800.0,1.0,22800.0,1.0,22900.0,1.0,23000.0,1.0,23100.0,1.0,23200.0,1.0,23300.0,1.0,23400.0,1.0,23500.0,1.0,23600.0,1.0,23700.0,1.0
000629.SZ,2020-08-10,09:57:16,22700.0,0.0,0.0,22700.0,1.0,22600.0,1.0,22500.0,1.0,22400.0,1,22300.0,1.0,22200.0,1.0,22100.0,1.0,22000.0,1.0,21900.0,1.0,21800.0,1.0,22800.0,1.0,22900.0,1.0,23000.0,1.0,23100.0,1.0,23200.0,1.0,23300.0,1.0,23400.0,1.0,23500.0,1.0,23600.0,1.0,23700.0,1.0
000629.SZ,2020-08-10,09:57:17,22700.0,0.0,0.0,22700.0,1.0,22600.0,1.0,22500.0,1.0,22400.0,1,22300.0,1.0,22200.0,1.0,22100.0,1.0,22000.0,1.0,21900.0,1.0,21800.0,1.0,22800.0,1.0,22900.0,1.0,23000.0,1.0,23100.0,1.0,23200.0,1.0,23300.0,1.0,23400.0,1.0,23500.0,1.0,23600.0,1.0,23700.0,1.0
000629.SZ,2020-08-10,09:57:18,22700.0,0.0,0.0,22700.0,1.0,22600.0,1.0,22500.0,1.0,22400.0,1,22300.0,1.0,22200.0,1.0,22100.0,1.0,22000.0,1.0,21900.0,1.0,21800.0,1.0,22800.0,1.0,22900.0,1.0,23000.0,1.0,23100.0,1.0,23200.0,1.0,23300.0,1.0,23400.0,1.0,23500.0,1.0,23600.0,1.0,23700.0,1.0
000629.SZ,2020-08-10,09:57:19,22700.0,0.1061224489795918,2408.9795918367345,22700.0,1.0,22600.0,1.0,22500.0,1.0,22400.0,1,22300.0,1.0,22200.0,1.0,22100.0,1.0,22000.0,1.0,21900.0,1.0,21800.0,1.0,22800.0,1.0,22900.0,1.0,23000.0,1.0,23100.0,1.0,23200.0,1.0,23300.0,1.0,23400.0,1.0,23500.0,1.0,23600.0,1.0,23700.0,1.0
000629.SZ,2020-08-10,09:57:20,22700.0,0.0285714285714285,651.4285714285714,22700.0,1.0,22600.0,1.0,22500.0,1.0,22400.0,1,22300.0,1.0,22200.0,1.0,22100.0,1.0,22000.0,1.0,21900.0,1.0,21800.0,1.0,22800.0,1.0,22900.0,1.0,23000.0,1.0,23100.0,1.0,23200.0,1.0,23300.0,1.0,23400.0,1.0,23500.0,1.0,23600.0,1.0,23700.0,1.0
000629.SZ,2020-08-10,09:57:21,22800.0,0.0408163265306122,930.6122448979592,22700.0,1.0,22600.0,1.0,22500.0,1.0,22400.0,1,22300.0,1.0,22200.0,1.0,22100.0,1.0,22000.0,1.0,21900.0,1.0,21800.0,1.0,22800.0,1.0,22900.0,1.0,23000.0,1.0,23100.0,1.0,23200.0,1.0,23300.0,1.0,23400.0,1.0,23500.0,1.0,23600.0,1.0,23700.0,1.0
000629.SZ,2020-08-10,09:57:22,22800.0,0.0,0.0,22700.0,1.0,22600.0,1.0,22500.0,1.0,22400.0,1,22300.0,1.0,22200.0,1.0,22100.0,1.0,22000.0,1.0,21900.0,1.0,21800.0,1.0,22800.0,1.0,22900.0,1.0,23000.0,1.0,23100.0,1.0,23200.0,1.0,23300.0,1.0,23400.0,1.0,23500.0,1.0,23600.0,1.0,23700.0,1.0
000629.SZ,2020-08-10,09:57:23,22800.0,0.0,0.0,22700.0,1.0,22600.0,1.0,22500.0,1.0,22400.0,1,22300.0,1.0,22200.0,1.0,22100.0,1.0,22000.0,1.0,21900.0,1.0,21800.0,1.0,22800.0,1.0,22900.0,1.0,23000.0,1.0,23100.0,1.0,23200.0,1.0,23300.0,1.0,23400.0,1.0,23500.0,1.0,23600.0,1.0,23700.0,1.0
000629.SZ,2020-08-10,09:57:24,22800.0,0.0,0.0,22700.0,1.0,22600.0,1.0,22500.0,1.0,22400.0,1,22300.0,1.0,22200.0,1.0,22100.0,1.0,22000.0,1.0,21900.0,1.0,21800.0,1.0,22800.0,1.0,22900.0,1.0,23000.0,1.0,23100.0,1.0,23200.0,1.0,23300.0,1.0,23400.0,1.0,23500.0,1.0,23600.0,1.0,23700.0,1.0
000629.SZ,2020-08-10,09:57:25,22800.0,0.0,0.0,22700.0,1.0,22600.0,1.0,22500.0,1.0,22400.0,1,22300.0,1.0,22200.0,1.0,22100.0,1.0,22000.0,1.0,21900.0,1.0,21800.0,1.0,22800.0,1.0,22900.0,1.0,23000.0,1.0,23100.0,1.0,23200.0,1.0,23300.0,1.0,23400.0,1.0,23500.0,1.0,23600.0,1.0,23700.0,1.0
000629.SZ,2020-08-10,09:57:26,22800.0,0.0040816326530612,92.6530612244898,22700.0,1.0,22600.0,1.0,22500.0,1.0,22400.0,1,22300.0,1.0,22200.0,1.0,22100.0,1.0,22000.0,1.0,21900.0,1.0,21800.0,1.0,22800.0,1.0,22900.0,1.0,23000.0,1.0,23100.0,1.0,23200.0,1.0,23300.0,1.0,23400.0,1.0,23500.0,1.0,23600.0,1.0,23700.0,1.0
000629.SZ,2020-08-10,09:57:27,22700.0,0.0,0.0,22700.0,1.0,22600.0,1.0,22500.0,1.0,22400.0,1,22300.0,1.0,22200.0,1.0,22100.0,1.0,22000.0,1.0,21900.0,1.0,21800.0,1.0,22800.0,1.0,22900.0,1.0,23000.0,1.0,23100.0,1.0,23200.0,1.0,23300.0,1.0,23400.0,1.0,23500.0,1.0,23600.0,1.0,23700.0,1.0
000629.SZ,2020-08-10,09:57:28,22700.0,0.0,0.0,22700.0,1.0,22600.0,1.0,22500.0,1.0,22400.0,1,22300.0,1.0,22200.0,1.0,22100.0,1.0,22000.0,1.0,21900.0,1.0,21800.0,1.0,22800.0,1.0,22900.0,1.0,23000.0,1.0,23100.0,1.0,23200.0,1.0,23300.0,1.0,23400.0,1.0,23500.0,1.0,23600.0,1.0,23700.0,1.0
000629.SZ,2020-08-10,09:57:29,22700.0,0.0,0.0,22700.0,1.0,22600.0,1.0,22500.0,1.0,22400.0,1,22300.0,1.0,22200.0,1.0,22100.0,1.0,22000.0,1.0,21900.0,1.0,21800.0,1.0,22800.0,1.0,22900.0,1.0,23000.0,1.0,23100.0,1.0,23200.0,1.0,23300.0,1.0,23400.0,1.0,23500.0,1.0,23600.0,1.0,23700.0,1.0
000629.SZ,2020-08-10,09:57:30,22700.0,0.0,0.0,22700.0,1.0,22600.0,1.0,22500.0,1.0,22400.0,1,22300.0,1.0,22200.0,1.0,22100.0,1.0,22000.0,1.0,21900.0,1.0,21800.0,1.0,22800.0,1.0,22900.0,1.0,23000.0,1.0,23100.0,1.0,23200.0,1.0,23300.0,1.0,23400.0,1.0,23500.0,1.0,23600.0,1.0,23700.0,1.0
000629.SZ,2020-08-10,09:57:31,22700.0,0.0816326530612244,1861.2244897959183,22700.0,1.0,22600.0,1.0,22500.0,1.0,22400.0,1,22300.0,1.0,22200.0,1.0,22100.0,1.0,22000.0,1.0,21900.0,1.0,21800.0,1.0,22800.0,1.0,22900.0,1.0,23000.0,1.0,23100.0,1.0,23200.0,1.0,23300.0,1.0,23400.0,1.0,23500.0,1.0,23600.0,1.0,23700.0,1.0
000629.SZ,2020-08-10,09:57:32,22800.0,0.0,0.0,22700.0,1.0,22600.0,1.0,22500.0,1.0,22400.0,1,22300.0,1.0,22200.0,1.0,22100.0,1.0,22000.0,1.0,21900.0,1.0,21800.0,1.0,22800.0,1.0,22900.0,1.0,23000.0,1.0,23100.0,1.0,23200.0,1.0,23300.0,1.0,23400.0,1.0,23500.0,1.0,23600.0,1.0,23700.0,1.0
000629.SZ,2020-08-10,09:57:33,22800.0,0.0,0.0,22700.0,1.0,22600.0,1.0,22500.0,1.0,22400.0,1,22300.0,1.0,22200.0,1.0,22100.0,1.0,22000.0,1.0,21900.0,1.0,21800.0,1.0,22800.0,1.0,22900.0,1.0,23000.0,1.0,23100.0,1.0,23200.0,1.0,23300.0,1.0,23400.0,1.0,23500.0,1.0,23600.0,1.0,23700.0,1.0
000629.SZ,2020-08-10,09:57:34,22800.0,0.0176870748299319,403.265306122449,22700.0,1.0,22600.0,1.0,22500.0,1.0,22400.0,1,22300.0,1.0,22200.0,1.0,22100.0,1.0,22000.0,1.0,21900.0,1.0,21800.0,1.0,22800.0,1.0,22900.0,1.0,23000.0,1.0,23100.0,1.0,23200.0,1.0,23300.0,1.0,23400.0,1.0,23500.0,1.0,23600.0,1.0,23700.0,1.0
000629.SZ,2020-08-10,09:57:35,22800.0,0.0462585034013605,1050.0680272108843,22700.0,1.0,22600.0,1.0,22500.0,1.0,22400.0,1,22300.0,1.0,22200.0,1.0,22100.0,1.0,22000.0,1.0,21900.0,1.0,21800.0,1.0,22800.0,1.0,22900.0,1.0,23000.0,1.0,23100.0,1.0,23200.0,1.0,23300.0,1.0,23400.0,1.0,23500.0,1.0,23600.0,1.0,23700.0,1.0
000629.SZ,2020-08-10,09:57:36,22700.0,0.0,0.0,22700.0,1.0,22600.0,1.0,22500.0,1.0,22400.0,1,22300.0,1.0,22200.0,1.0,22100.0,1.0,22000.0,1.0,21900.0,1.0,21800.0,1.0,22800.0,1.0,22900.0,1.0,23000.0,1.0,23100.0,1.0,23200.0,1.0,23300.0,1.0,23400.0,1.0,23500.0,1.0,23600.0,1.0,23700.0,1.0
000629.SZ,2020-08-10,09:57:37,22700.0,0.0,0.0,22700.0,1.0,22600.0,1.0,22500.0,1.0,22400.0,1,22300.0,1.0,22200.0,1.0,22100.0,1.0,22000.0,1.0,21900.0,1.0,21800.0,1.0,22800.0,1.0,22900.0,1.0,23000.0,1.0,23100.0,1.0,23200.0,1.0,23300.0,1.0,23400.0,1.0,23500.0,1.0,23600.0,1.0,23700.0,1.0
000629.SZ,2020-08-10,09:57:38,22700.0,0.0,0.0,22700.0,1.0,22600.0,1.0,22500.0,1.0,22400.0,1,22300.0,1.0,22200.0,1.0,22100.0,1.0,22000.0,1.0,21900.0,1.0,21800.0,1.0,22800.0,1.0,22900.0,1.0,23000.0,1.0,23100.0,1.0,23200.0,1.0,23300.0,1.0,23400.0,1.0,23500.0,1.0,23600.0,1.0,23700.0,1.0
000629.SZ,2020-08-10,09:57:39,22700.0,0.0136054421768707,310.2040816326531,22700.0,1.0,22600.0,1.0,22500.0,1.0,22400.0,1,22300.0,1.0,22200.0,1.0,22100.0,1.0,22000.0,1.0,21900.0,1.0,21800.0,1.0,22800.0,1.0,22900.0,1.0,23000.0,1.0,23100.0,1.0,23200.0,1.0,23300.0,1.0,23400.0,1.0,23500.0,1.0,23600.0,1.0,23700.0,1.0
000629.SZ,2020-08-10,09:57:40,22800.0,0.0,0.0,22700.0,1.0,22600.0,1.0,22500.0,1.0,22400.0,1,22300.0,1.0,22200.0,1.0,22100.0,1.0,22000.0,1.0,21900.0,1.0,21800.0,1.0,22800.0,1.0,22900.0,1.0,23000.0,1.0,23100.0,1.0,23200.0,1.0,23300.0,1.0,23400.0,1.0,23500.0,1.0,23600.0,1.0,23700.0,1.0
000629.SZ,2020-08-10,09:57:41,22800.0,0.0,0.0,22700.0,1.0,22600.0,1.0,22500.0,1.0,22400.0,1,22300.0,1.0,22200.0,1.0,22100.0,1.0,22000.0,1.0,21900.0,1.0,21800.0,1.0,22800.0,1.0,22900.0,1.0,23000.0,1.0,23100.0,1.0,23200.0,1.0,23300.0,1.0,23400.0,1.0,23500.0,1.0,23600.0,1.0,23700.0,1.0
000629.SZ,2020-08-10,09:57:42,22800.0,0.0272108843537414,617.6870748299319,22700.0,1.0,22600.0,1.0,22500.0,1.0,22400.0,1,22300.0,1.0,22200.0,1.0,22100.0,1.0,22000.0,1.0,21900.0,1.0,21800.0,1.0,22800.0,1.0,22900.0,1.0,23000.0,1.0,23100.0,1.0,23200.0,1.0,23300.0,1.0,23400.0,1.0,23500.0,1.0,23600.0,1.0,23700.0,1.0
000629.SZ,2020-08-10,09:57:43,22700.0,0.0,0.0,22700.0,1.0,22600.0,1.0,22500.0,1.0,22400.0,1,22300.0,1.0,22200.0,1.0,22100.0,1.0,22000.0,1.0,21900.0,1.0,21800.0,1.0,22800.0,1.0,22900.0,1.0,23000.0,1.0,23100.0,1.0,23200.0,1.0,23300.0,1.0,23400.0,1.0,23500.0,1.0,23600.0,1.0,23700.0,1.0
000629.SZ,2020-08-10,09:57:44,22700.0,0.0,0.0,22700.0,1.0,22600.0,1.0,22500.0,1.0,22400.0,1,22300.0,1.0,22200.0,1.0,22100.0,1.0,22000.0,1.0,21900.0,1.0,21800.0,1.0,22800.0,1.0,22900.0,1.0,23000.0,1.0,23100.0,1.0,23200.0,1.0,23300.0,1.0,23400.0,1.0,23500.0,1.0,23600.0,1.0,23700.0,1.0
000629.SZ,2020-08-10,09:57:45,22700.0,0.1836734693877551,4169.387755102041,22700.0,1.0,22600.0,1.0,22500.0,1.0,22400.0,1,22300.0,1.0,22200.0,1.0,22100.0,1.0,22000.0,1.0,21900.0,1.0,21800.0,1.0,22800.0,1.0,22900.0,1.0,23000.0,1.0,23100.0,1.0,23200.0,1.0,23300.0,1.0,23400.0,1.0,23500.0,1.0,23600.0,1.0,23700.0,1.0
000629.SZ,2020-08-10,09:57:46,22700.0,0.0,0.0,22700.0,1.0,22600.0,1.0,22500.0,1.0,22400.0,1,22300.0,1.0,22200.0,1.0,22100.0,1.0,22000.0,1.0,21900.0,1.0,21800.0,1.0,22800.0,1.0,22900.0,1.0,23000.0,1.0,23100.0,1.0,23200.0,1.0,23300.0,1.0,23400.0,1.0,23500.0,1.0,23600.0,1.0,23700.0,1.0
000629.SZ,2020-08-10,09:57:47,22700.0,0.0,0.0,22700.0,1.0,22600.0,1.0,22500.0,1.0,22400.0,1,22300.0,1.0,22200.0,1.0,22100.0,1.0,22000.0,1.0,21900.0,1.0,21800.0,1.0,22800.0,1.0,22900.0,1.0,23000.0,1.0,23100.0,1.0,23200.0,1.0,23300.0,1.0,23400.0,1.0,23500.0,1.0,23600.0,1.0,23700.0,1.0
000629.SZ,2020-08-10,09:57:48,22700.0,0.0,0.0,22700.0,1.0,22600.0,1.0,22500.0,1.0,22400.0,1,22300.0,1.0,22200.0,1.0,22100.0,1.0,22000.0,1.0,21900.0,1.0,21800.0,1.0,22800.0,1.0,22900.0,1.0,23000.0,1.0,23100.0,1.0,23200.0,1.0,23300.0,1.0,23400.0,1.0,23500.0,1.0,23600.0,1.0,23700.0,1.0
000629.SZ,2020-08-10,09:57:49,22700.0,0.0,0.0,22700.0,1.0,22600.0,1.0,22500.0,1.0,22400.0,1,22300.0,1.0,22200.0,1.0,22100.0,1.0,22000.0,1.0,21900.0,1.0,21800.0,1.0,22800.0,1.0,22900.0,1.0,23000.0,1.0,23100.0,1.0,23200.0,1.0,23300.0,1.0,23400.0,1.0,23500.0,1.0,23600.0,1.0,23700.0,1.0
000629.SZ,2020-08-10,09:57:50,22700.0,0.0,0.0,22700.0,1.0,22600.0,1.0,22500.0,1.0,22400.0,1,22300.0,1.0,22200.0,1.0,22100.0,1.0,22000.0,1.0,21900.0,1.0,21800.0,1.0,22800.0,1.0,22900.0,1.0,23000.0,1.0,23100.0,1.0,23200.0,1.0,23300.0,1.0,23400.0,1.0,23500.0,1.0,23600.0,1.0,23700.0,1.0
000629.SZ,2020-08-10,09:57:51,22700.0,0.0,0.0,22700.0,1.0,22600.0,1.0,22500.0,1.0,22400.0,1,22300.0,1.0,22200.0,1.0,22100.0,1.0,22000.0,1.0,21900.0,1.0,21800.0,1.0,22800.0,1.0,22900.0,1.0,23000.0,1.0,23100.0,1.0,23200.0,1.0,23300.0,1.0,23400.0,1.0,23500.0,1.0,23600.0,1.0,23700.0,1.0
000629.SZ,2020-08-10,09:57:52,22700.0,0.0,0.0,22700.0,1.0,22600.0,1.0,22500.0,1.0,22400.0,1,22300.0,1.0,22200.0,1.0,22100.0,1.0,22000.0,1.0,21900.0,1.0,21800.0,1.0,22800.0,1.0,22900.0,1.0,23000.0,1.0,23100.0,1.0,23200.0,1.0,23300.0,1.0,23400.0,1.0,23500.0,1.0,23600.0,1.0,23700.0,1.0
000629.SZ,2020-08-10,09:57:53,22700.0,0.0,0.0,22700.0,1.0,22600.0,1.0,22500.0,1.0,22400.0,1,22300.0,1.0,22200.0,1.0,22100.0,1.0,22000.0,1.0,21900.0,1.0,21800.0,1.0,22800.0,1.0,22900.0,1.0,23000.0,1.0,23100.0,1.0,23200.0,1.0,23300.0,1.0,23400.0,1.0,23500.0,1.0,23600.0,1.0,23700.0,1.0
000629.SZ,2020-08-10,09:57:54,22700.0,0.1836734693877551,4187.755102040816,22700.0,1.0,22600.0,1.0,22500.0,1.0,22400.0,1,22300.0,1.0,22200.0,1.0,22100.0,1.0,22000.0,1.0,21900.0,1.0,21800.0,1.0,22800.0,1.0,22900.0,1.0,23000.0,1.0,23100.0,1.0,23200.0,1.0,23300.0,1.0,23400.0,1.0,23500.0,1.0,23600.0,1.0,23700.0,1.0
000629.SZ,2020-08-10,09:57:55,22800.0,0.0,0.0,22700.0,1.0,22600.0,1.0,22500.0,1.0,22400.0,1,22300.0,1.0,22200.0,1.0,22100.0,1.0,22000.0,1.0,21900.0,1.0,21800.0,1.0,22800.0,1.0,22900.0,1.0,23000.0,1.0,23100.0,1.0,23200.0,1.0,23300.0,1.0,23400.0,1.0,23500.0,1.0,23600.0,1.0,23700.0,1.0
000629.SZ,2020-08-10,09:57:56,22800.0,0.0,0.0,22700.0,1.0,22600.0,1.0,22500.0,1.0,22400.0,1,22300.0,1.0,22200.0,1.0,22100.0,1.0,22000.0,1.0,21900.0,1.0,21800.0,1.0,22800.0,1.0,22900.0,1.0,23000.0,1.0,23100.0,1.0,23200.0,1.0,23300.0,1.0,23400.0,1.0,23500.0,1.0,23600.0,1.0,23700.0,1.0
000629.SZ,2020-08-10,09:57:57,22800.0,0.0,0.0,22700.0,1.0,22600.0,1.0,22500.0,1.0,22400.0,1,22300.0,1.0,22200.0,1.0,22100.0,1.0,22000.0,1.0,21900.0,1.0,21800.0,1.0,22800.0,1.0,22900.0,1.0,23000.0,1.0,23100.0,1.0,23200.0,1.0,23300.0,1.0,23400.0,1.0,23500.0,1.0,23600.0,1.0,23700.0,1.0
000629.SZ,2020-08-10,09:57:58,22800.0,0.0,0.0,22700.0,1.0,22600.0,1.0,22500.0,1.0,22400.0,1,22300.0,1.0,22200.0,1.0,22100.0,1.0,22000.0,1.0,21900.0,1.0,21800.0,1.0,22800.0,1.0,22900.0,1.0,23000.0,1.0,23100.0,1.0,23200.0,1.0,23300.0,1.0,23400.0,1.0,23500.0,1.0,23600.0,1.0,23700.0,1.0
000629.SZ,2020-08-10,09:57:59,22800.0,0.0,0.0,22700.0,1.0,22600.0,1.0,22500.0,1.0,22400.0,1,22300.0,1.0,22200.0,1.0,22100.0,1.0,22000.0,1.0,21900.0,1.0,21800.0,1.0,22800.0,1.0,22900.0,1.0,23000.0,1.0,23100.0,1.0,23200.0,1.0,23300.0,1.0,23400.0,1.0,23500.0,1.0,23600.0,1.0,23700.0,1.0
000629.SZ,2020-08-10,09:58:00,22800.0,0.0,0.0,22700.0,1.0,22600.0,1.0,22500.0,1.0,22400.0,1,22300.0,1.0,22200.0,1.0,22100.0,1.0,22000.0,1.0,21900.0,1.0,21800.0,1.0,22800.0,1.0,22900.0,1.0,23000.0,1.0,23100.0,1.0,23200.0,1.0,23300.0,1.0,23400.0,1.0,23500.0,1.0,23600.0,1.0,23700.0,1.0
000629.SZ,2020-08-10,09:58:01,22800.0,0.0,0.0,22700.0,1.0,22600.0,1.0,22500.0,1.0,22400.0,1,22300.0,1.0,22200.0,1.0,22100.0,1.0,22000.0,1.0,21900.0,1.0,21800.0,1.0,22800.0,1.0,22900.0,1.0,23000.0,1.0,23100.0,1.0,23200.0,1.0,23300.0,1.0,23400.0,1.0,23500.0,1.0,23600.0,1.0,23700.0,1.0
000629.SZ,2020-08-10,09:58:02,22800.0,0.0,0.0,22700.0,1.0,22600.0,1.0,22500.0,1.0,22400.0,1,22300.0,1.0,22200.0,1.0,22100.0,1.0,22000.0,1.0,21900.0,1.0,21800.0,1.0,22800.0,1.0,22900.0,1.0,23000.0,1.0,23100.0,1.0,23200.0,1.0,23300.0,1.0,23400.0,1.0,23500.0,1.0,23600.0,1.0,23700.0,1.0
000629.SZ,2020-08-10,09:58:03,22800.0,0.0,0.0,22700.0,1.0,22600.0,1.0,22500.0,1.0,22400.0,1,22300.0,1.0,22200.0,1.0,22100.0,1.0,22000.0,1.0,21900.0,1.0,21800.0,1.0,22800.0,1.0,22900.0,1.0,23000.0,1.0,23100.0,1.0,23200.0,1.0,23300.0,1.0,23400.0,1.0,23500.0,1.0,23600.0,1.0,23700.0,1.0
000629.SZ,2020-08-10,09:58:04,22800.0,0.0,0.0,22700.0,1.0,22600.0,1.0,22500.0,1.0,22400.0,1,22300.0,1.0,22200.0,1.0,22100.0,1.0,22000.0,1.0,21900.0,1.0,21800.0,1.0,22800.0,1.0,22900.0,1.0,23000.0,1.0,23100.0,1.0,23200.0,1.0,23300.0,1.0,23400.0,1.0,23500.0,1.0,23600.0,1.0,23700.0,1.0
000629.SZ,2020-08-10,09:58:05,22800.0,0.0,0.0,22700.0,1.0,22600.0,1.0,22500.0,1.0,22400.0,1,22300.0,1.0,22200.0,1.0,22100.0,1.0,22000.0,1.0,21900.0,1.0,21800.0,1.0,22800.0,1.0,22900.0,1.0,23000.0,1.0,23100.0,1.0,23200.0,1.0,23300.0,1.0,23400.0,1.0,23500.0,1.0,23600.0,1.0,23700.0,1.0
000629.SZ,2020-08-10,09:58:06,22800.0,0.0,0.0,22700.0,1.0,22600.0,1.0,22500.0,1.0,22400.0,1,22300.0,1.0,22200.0,1.0,22100.0,1.0,22000.0,1.0,21900.0,1.0,21800.0,1.0,22800.0,1.0,22900.0,1.0,23000.0,1.0,23100.0,1.0,23200.0,1.0,23300.0,1.0,23400.0,1.0,23500.0,1.0,23600.0,1.0,23700.0,1.0
000629.SZ,2020-08-10,09:58:07,22800.0,0.0,0.0,22700.0,1.0,22600.0,1.0,22500.0,1.0,22400.0,1,22300.0,1.0,22200.0,1.0,22100.0,1.0,22000.0,1.0,21900.0,1.0,21800.0,1.0,22800.0,1.0,22900.0,1.0,23000.0,1.0,23100.0,1.0,23200.0,1.0,23300.0,1.0,23400.0,1.0,23500.0,1.0,23600.0,1.0,23700.0,1.0
000629.SZ,2020-08-10,09:58:08,22800.0,0.2639455782312925,5991.564625850339,22700.0,1.0,22600.0,1.0,22500.0,1.0,22400.0,1,22300.0,1.0,22200.0,1.0,22100.0,1.0,22000.0,1.0,21900.0,1.0,21800.0,1.0,22800.0,1.0,22900.0,1.0,23000.0,1.0,23100.0,1.0,23200.0,1.0,23300.0,1.0,23400.0,1.0,23500.0,1.0,23600.0,1.0,23700.0,1.0
000629.SZ,2020-08-10,09:58:09,22700.0,0.0,0.0,22700.0,1.0,22600.0,1.0,22500.0,1.0,22400.0,1,22300.0,1.0,22200.0,1.0,22100.0,1.0,22000.0,1.0,21900.0,1.0,21800.0,1.0,22800.0,1.0,22900.0,1.0,23000.0,1.0,23100.0,1.0,23200.0,1.0,23300.0,1.0,23400.0,1.0,23500.0,1.0,23600.0,1.0,23700.0,1.0
000629.SZ,2020-08-10,09:58:10,22700.0,0.0,0.0,22700.0,1.0,22600.0,1.0,22500.0,1.0,22400.0,1,22300.0,1.0,22200.0,1.0,22100.0,1.0,22000.0,1.0,21900.0,1.0,21800.0,1.0,22800.0,1.0,22900.0,1.0,23000.0,1.0,23100.0,1.0,23200.0,1.0,23300.0,1.0,23400.0,1.0,23500.0,1.0,23600.0,1.0,23700.0,1.0
000629.SZ,2020-08-10,09:58:11,22700.0,0.001360544217687,31.020408163265305,22700.0,1.0,22600.0,1.0,22500.0,1.0,22400.0,1,22300.0,1.0,22200.0,1.0,22100.0,1.0,22000.0,1.0,21900.0,1.0,21800.0,1.0,22800.0,1.0,22900.0,1.0,23000.0,1.0,23100.0,1.0,23200.0,1.0,23300.0,1.0,23400.0,1.0,23500.0,1.0,23600.0,1.0,23700.0,1.0
000629.SZ,2020-08-10,09:58:12,22800.0,0.0,0.0,22700.0,1.0,22600.0,1.0,22500.0,1.0,22400.0,1,22300.0,1.0,22200.0,1.0,22100.0,1.0,22000.0,1.0,21900.0,1.0,21800.0,1.0,22800.0,1.0,22900.0,1.0,23000.0,1.0,23100.0,1.0,23200.0,1.0,23300.0,1.0,23400.0,1.0,23500.0,1.0,23600.0,1.0,23700.0,1.0
000629.SZ,2020-08-10,09:58:13,22800.0,0.0,0.0,22700.0,1.0,22600.0,1.0,22500.0,1.0,22400.0,1,22300.0,1.0,22200.0,1.0,22100.0,1.0,22000.0,1.0,21900.0,1.0,21800.0,1.0,22800.0,1.0,22900.0,1.0,23000.0,1.0,23100.0,1.0,23200.0,1.0,23300.0,1.0,23400.0,1.0,23500.0,1.0,23600.0,1.0,23700.0,1.0
000629.SZ,2020-08-10,09:58:14,22800.0,0.0408163265306122,930.6122448979592,22700.0,1.0,22600.0,1.0,22500.0,1.0,22400.0,1,22300.0,1.0,22200.0,1.0,22100.0,1.0,22000.0,1.0,21900.0,1.0,21800.0,1.0,22800.0,1.0,22900.0,1.0,23000.0,1.0,23100.0,1.0,23200.0,1.0,23300.0,1.0,23400.0,1.0,23500.0,1.0,23600.0,1.0,23700.0,1.0
000629.SZ,2020-08-10,09:58:15,22800.0,0.0,0.0,22700.0,1.0,22600.0,1.0,22500.0,1.0,22400.0,1,22300.0,1.0,22200.0,1.0,22100.0,1.0,22000.0,1.0,21900.0,1.0,21800.0,1.0,22800.0,1.0,22900.0,1.0,23000.0,1.0,23100.0,1.0,23200.0,1.0,23300.0,1.0,23400.0,1.0,23500.0,1.0,23600.0,1.0,23700.0,1.0
000629.SZ,2020-08-10,09:58:16,22800.0,0.0231292517006802,527.3469387755101,22700.0,1.0,22600.0,1.0,22500.0,1.0,22400.0,1,22300.0,1.0,22200.0,1.0,22100.0,1.0,22000.0,1.0,21900.0,1.0,21800.0,1.0,22800.0,1.0,22900.0,1.0,23000.0,1.0,23100.0,1.0,23200.0,1.0,23300.0,1.0,23400.0,1.0,23500.0,1.0,23600.0,1.0,23700.0,1.0
000629.SZ,2020-08-10,09:58:17,22800.0,0.0,0.0,22700.0,1.0,22600.0,1.0,22500.0,1.0,22400.0,1,22300.0,1.0,22200.0,1.0,22100.0,1.0,22000.0,1.0,21900.0,1.0,21800.0,1.0,22800.0,1.0,22900.0,1.0,23000.0,1.0,23100.0,1.0,23200.0,1.0,23300.0,1.0,23400.0,1.0,23500.0,1.0,23600.0,1.0,23700.0,1.0
000629.SZ,2020-08-10,09:58:18,22800.0,0.0,0.0,22700.0,1.0,22600.0,1.0,22500.0,1.0,22400.0,1,22300.0,1.0,22200.0,1.0,22100.0,1.0,22000.0,1.0,21900.0,1.0,21800.0,1.0,22800.0,1.0,22900.0,1.0,23000.0,1.0,23100.0,1.0,23200.0,1.0,23300.0,1.0,23400.0,1.0,23500.0,1.0,23600.0,1.0,23700.0,1.0
000629.SZ,2020-08-10,09:58:19,22800.0,0.0,0.0,22700.0,1.0,22600.0,1.0,22500.0,1.0,22400.0,1,22300.0,1.0,22200.0,1.0,22100.0,1.0,22000.0,1.0,21900.0,1.0,21800.0,1.0,22800.0,1.0,22900.0,1.0,23000.0,1.0,23100.0,1.0,23200.0,1.0,23300.0,1.0,23400.0,1.0,23500.0,1.0,23600.0,1.0,23700.0,1.0
000629.SZ,2020-08-10,09:58:20,22800.0,0.0136054421768707,310.2040816326531,22700.0,1.0,22600.0,1.0,22500.0,1.0,22400.0,1,22300.0,1.0,22200.0,1.0,22100.0,1.0,22000.0,1.0,21900.0,1.0,21800.0,1.0,22800.0,1.0,22900.0,1.0,23000.0,1.0,23100.0,1.0,23200.0,1.0,23300.0,1.0,23400.0,1.0,23500.0,1.0,23600.0,1.0,23700.0,1.0
000629.SZ,2020-08-10,09:58:21,22800.0,0.0,0.0,22700.0,1.0,22600.0,1.0,22500.0,1.0,22400.0,1,22300.0,1.0,22200.0,1.0,22100.0,1.0,22000.0,1.0,21900.0,1.0,21800.0,1.0,22800.0,1.0,22900.0,1.0,23000.0,1.0,23100.0,1.0,23200.0,1.0,23300.0,1.0,23400.0,1.0,23500.0,1.0,23600.0,1.0,23700.0,1.0
000629.SZ,2020-08-10,09:58:22,22800.0,0.0108843537414965,248.16326530612244,22700.0,1.0,22600.0,1.0,22500.0,1.0,22400.0,1,22300.0,1.0,22200.0,1.0,22100.0,1.0,22000.0,1.0,21900.0,1.0,21800.0,1.0,22800.0,1.0,22900.0,1.0,23000.0,1.0,23100.0,1.0,23200.0,1.0,23300.0,1.0,23400.0,1.0,23500.0,1.0,23600.0,1.0,23700.0,1.0
000629.SZ,2020-08-10,09:58:23,22800.0,0.0,0.0,22700.0,1.0,22600.0,1.0,22500.0,1.0,22400.0,1,22300.0,1.0,22200.0,1.0,22100.0,1.0,22000.0,1.0,21900.0,1.0,21800.0,1.0,22800.0,1.0,22900.0,1.0,23000.0,1.0,23100.0,1.0,23200.0,1.0,23300.0,1.0,23400.0,1.0,23500.0,1.0,23600.0,1.0,23700.0,1.0
000629.SZ,2020-08-10,09:58:24,22800.0,1.0,22798.0,22700.0,1.0,22600.0,1.0,22500.0,1.0,22400.0,1,22300.0,1.0,22200.0,1.0,22100.0,1.0,22000.0,1.0,21900.0,1.0,21800.0,1.0,22800.0,1.0,22900.0,1.0,23000.0,1.0,23100.0,1.0,23200.0,1.0,23300.0,1.0,23400.0,1.0,23500.0,1.0,23600.0,1.0,23700.0,1.0
000629.SZ,2020-08-10,09:58:25,22700.0,0.0,0.0,22700.0,1.0,22600.0,1.0,22500.0,1.0,22400.0,1,22300.0,1.0,22200.0,1.0,22100.0,1.0,22000.0,1.0,21900.0,1.0,21800.0,1.0,22800.0,1.0,22900.0,1.0,23000.0,1.0,23100.0,1.0,23200.0,1.0,23300.0,1.0,23400.0,1.0,23500.0,1.0,23600.0,1.0,23700.0,1.0
000629.SZ,2020-08-10,09:58:26,22700.0,0.0,0.0,22700.0,1.0,22600.0,1.0,22500.0,1.0,22400.0,1,22300.0,1.0,22200.0,1.0,22100.0,1.0,22000.0,1.0,21900.0,1.0,21800.0,1.0,22800.0,1.0,22900.0,1.0,23000.0,1.0,23100.0,1.0,23200.0,1.0,23300.0,1.0,23400.0,1.0,23500.0,1.0,23600.0,1.0,23700.0,1.0
000629.SZ,2020-08-10,09:58:27,22700.0,0.0,0.0,22700.0,1.0,22600.0,1.0,22500.0,1.0,22400.0,1,22300.0,1.0,22200.0,1.0,22100.0,1.0,22000.0,1.0,21900.0,1.0,21800.0,1.0,22800.0,1.0,22900.0,1.0,23000.0,1.0,23100.0,1.0,23200.0,1.0,23300.0,1.0,23400.0,1.0,23500.0,1.0,23600.0,1.0,23700.0,1.0
000629.SZ,2020-08-10,09:58:28,22700.0,0.0843537414965986,1923.265306122449,22700.0,1.0,22600.0,1.0,22500.0,1.0,22400.0,1,22300.0,1.0,22200.0,1.0,22100.0,1.0,22000.0,1.0,21900.0,1.0,21800.0,1.0,22800.0,1.0,22900.0,1.0,23000.0,1.0,23100.0,1.0,23200.0,1.0,23300.0,1.0,23400.0,1.0,23500.0,1.0,23600.0,1.0,23700.0,1.0
000629.SZ,2020-08-10,09:58:29,22800.0,1.0,22700.0,22700.0,1.0,22600.0,1.0,22500.0,1.0,22400.0,1,22300.0,1.0,22200.0,1.0,22100.0,1.0,22000.0,1.0,21900.0,1.0,21800.0,1.0,22800.0,1.0,22900.0,1.0,23000.0,1.0,23100.0,1.0,23200.0,1.0,23300.0,1.0,23400.0,1.0,23500.0,1.0,23600.0,1.0,23700.0,1.0
000629.SZ,2020-08-10,09:58:30,22700.0,0.0,0.0,22700.0,1.0,22600.0,1.0,22500.0,1.0,22400.0,1,22300.0,1.0,22200.0,1.0,22100.0,1.0,22000.0,1.0,21900.0,1.0,21800.0,1.0,22800.0,1.0,22900.0,1.0,23000.0,1.0,23100.0,1.0,23200.0,1.0,23300.0,1.0,23400.0,1.0,23500.0,1.0,23600.0,1.0,23700.0,1.0
000629.SZ,2020-08-10,09:58:31,22700.0,0.0,0.0,22700.0,1.0,22600.0,1.0,22500.0,1.0,22400.0,1,22300.0,1.0,22200.0,1.0,22100.0,1.0,22000.0,1.0,21900.0,1.0,21800.0,1.0,22800.0,1.0,22900.0,1.0,23000.0,1.0,23100.0,1.0,23200.0,1.0,23300.0,1.0,23400.0,1.0,23500.0,1.0,23600.0,1.0,23700.0,1.0
000629.SZ,2020-08-10,09:58:32,22700.0,0.0,0.0,22700.0,1.0,22600.0,1.0,22500.0,1.0,22400.0,1,22300.0,1.0,22200.0,1.0,22100.0,1.0,22000.0,1.0,21900.0,1.0,21800.0,1.0,22800.0,1.0,22900.0,1.0,23000.0,1.0,23100.0,1.0,23200.0,1.0,23300.0,1.0,23400.0,1.0,23500.0,1.0,23600.0,1.0,23700.0,1.0
000629.SZ,2020-08-10,09:58:33,22700.0,0.0,0.0,22700.0,1.0,22600.0,1.0,22500.0,1.0,22400.0,1,22300.0,1.0,22200.0,1.0,22100.0,1.0,22000.0,1.0,21900.0,1.0,21800.0,1.0,22800.0,1.0,22900.0,1.0,23000.0,1.0,23100.0,1.0,23200.0,1.0,23300.0,1.0,23400.0,1.0,23500.0,1.0,23600.0,1.0,23700.0,1.0
000629.SZ,2020-08-10,09:58:34,22700.0,0.0,0.0,22700.0,1.0,22600.0,1.0,22500.0,1.0,22400.0,1,22300.0,1.0,22200.0,1.0,22100.0,1.0,22000.0,1.0,21900.0,1.0,21800.0,1.0,22800.0,1.0,22900.0,1.0,23000.0,1.0,23100.0,1.0,23200.0,1.0,23300.0,1.0,23400.0,1.0,23500.0,1.0,23600.0,1.0,23700.0,1.0
000629.SZ,2020-08-10,09:58:35,22700.0,0.0,0.0,22700.0,1.0,22600.0,1.0,22500.0,1.0,22400.0,1,22300.0,1.0,22200.0,1.0,22100.0,1.0,22000.0,1.0,21900.0,1.0,21800.0,1.0,22800.0,1.0,22900.0,1.0,23000.0,1.0,23100.0,1.0,23200.0,1.0,23300.0,1.0,23400.0,1.0,23500.0,1.0,23600.0,1.0,23700.0,1.0
000629.SZ,2020-08-10,09:58:36,22700.0,0.0,0.0,22700.0,1.0,22600.0,1.0,22500.0,1.0,22400.0,1,22300.0,1.0,22200.0,1.0,22100.0,1.0,22000.0,1.0,21900.0,1.0,21800.0,1.0,22800.0,1.0,22900.0,1.0,23000.0,1.0,23100.0,1.0,23200.0,1.0,23300.0,1.0,23400.0,1.0,23500.0,1.0,23600.0,1.0,23700.0,1.0
000629.SZ,2020-08-10,09:58:37,22700.0,0.0,0.0,22700.0,1.0,22600.0,1.0,22500.0,1.0,22400.0,1,22300.0,1.0,22200.0,1.0,22100.0,1.0,22000.0,1.0,21900.0,1.0,21800.0,1.0,22800.0,1.0,22900.0,1.0,23000.0,1.0,23100.0,1.0,23200.0,1.0,23300.0,1.0,23400.0,1.0,23500.0,1.0,23600.0,1.0,23700.0,1.0
000629.SZ,2020-08-10,09:58:38,22700.0,0.0,0.0,22700.0,1.0,22600.0,1.0,22500.0,1.0,22400.0,1,22300.0,1.0,22200.0,1.0,22100.0,1.0,22000.0,1.0,21900.0,1.0,21800.0,1.0,22800.0,1.0,22900.0,1.0,23000.0,1.0,23100.0,1.0,23200.0,1.0,23300.0,1.0,23400.0,1.0,23500.0,1.0,23600.0,1.0,23700.0,1.0
000629.SZ,2020-08-10,09:58:39,22700.0,0.0,0.0,22700.0,1.0,22600.0,1.0,22500.0,1.0,22400.0,1,22300.0,1.0,22200.0,1.0,22100.0,1.0,22000.0,1.0,21900.0,1.0,21800.0,1.0,22800.0,1.0,22900.0,1.0,23000.0,1.0,23100.0,1.0,23200.0,1.0,23300.0,1.0,23400.0,1.0,23500.0,1.0,23600.0,1.0,23700.0,1.0
000629.SZ,2020-08-10,09:58:40,22700.0,0.0,0.0,22700.0,1.0,22600.0,1.0,22500.0,1.0,22400.0,1,22300.0,1.0,22200.0,1.0,22100.0,1.0,22000.0,1.0,21900.0,1.0,21800.0,1.0,22800.0,1.0,22900.0,1.0,23000.0,1.0,23100.0,1.0,23200.0,1.0,23300.0,1.0,23400.0,1.0,23500.0,1.0,23600.0,1.0,23700.0,1.0
000629.SZ,2020-08-10,09:58:41,22700.0,0.0,0.0,22700.0,1.0,22600.0,1.0,22500.0,1.0,22400.0,1,22300.0,1.0,22200.0,1.0,22100.0,1.0,22000.0,1.0,21900.0,1.0,21800.0,1.0,22800.0,1.0,22900.0,1.0,23000.0,1.0,23100.0,1.0,23200.0,1.0,23300.0,1.0,23400.0,1.0,23500.0,1.0,23600.0,1.0,23700.0,1.0
000629.SZ,2020-08-10,09:58:42,22700.0,0.0,0.0,22700.0,1.0,22600.0,1.0,22500.0,1.0,22400.0,1,22300.0,1.0,22200.0,1.0,22100.0,1.0,22000.0,1.0,21900.0,1.0,21800.0,1.0,22800.0,1.0,22900.0,1.0,23000.0,1.0,23100.0,1.0,23200.0,1.0,23300.0,1.0,23400.0,1.0,23500.0,1.0,23600.0,1.0,23700.0,1.0
000629.SZ,2020-08-10,09:58:43,22700.0,0.0,0.0,22700.0,1.0,22600.0,1.0,22500.0,1.0,22400.0,1,22300.0,1.0,22200.0,1.0,22100.0,1.0,22000.0,1.0,21900.0,1.0,21800.0,1.0,22800.0,1.0,22900.0,1.0,23000.0,1.0,23100.0,1.0,23200.0,1.0,23300.0,1.0,23400.0,1.0,23500.0,1.0,23600.0,1.0,23700.0,1.0
000629.SZ,2020-08-10,09:58:44,22700.0,0.0,0.0,22700.0,1.0,22600.0,1.0,22500.0,1.0,22400.0,1,22300.0,1.0,22200.0,1.0,22100.0,1.0,22000.0,1.0,21900.0,1.0,21800.0,1.0,22800.0,1.0,22900.0,1.0,23000.0,1.0,23100.0,1.0,23200.0,1.0,23300.0,1.0,23400.0,1.0,23500.0,1.0,23600.0,1.0,23700.0,1.0
000629.SZ,2020-08-10,09:58:45,22700.0,0.0,0.0,22700.0,1.0,22600.0,1.0,22500.0,1.0,22400.0,1,22300.0,1.0,22200.0,1.0,22100.0,1.0,22000.0,1.0,21900.0,1.0,21800.0,1.0,22800.0,1.0,22900.0,1.0,23000.0,1.0,23100.0,1.0,23200.0,1.0,23300.0,1.0,23400.0,1.0,23500.0,1.0,23600.0,1.0,23700.0,1.0
000629.SZ,2020-08-10,09:58:46,22700.0,0.0870748299319727,1985.3061224489795,22700.0,1.0,22600.0,1.0,22500.0,1.0,22400.0,1,22300.0,1.0,22200.0,1.0,22100.0,1.0,22000.0,1.0,21900.0,1.0,21800.0,1.0,22800.0,1.0,22900.0,1.0,23000.0,1.0,23100.0,1.0,23200.0,1.0,23300.0,1.0,23400.0,1.0,23500.0,1.0,23600.0,1.0,23700.0,1.0
000629.SZ,2020-08-10,09:58:47,22800.0,0.0,0.0,22700.0,1.0,22600.0,1.0,22500.0,1.0,22400.0,1,22300.0,1.0,22200.0,1.0,22100.0,1.0,22000.0,1.0,21900.0,1.0,21800.0,1.0,22800.0,1.0,22900.0,1.0,23000.0,1.0,23100.0,1.0,23200.0,1.0,23300.0,1.0,23400.0,1.0,23500.0,1.0,23600.0,1.0,23700.0,1.0
000629.SZ,2020-08-10,09:58:48,22800.0,0.0,0.0,22700.0,1.0,22600.0,1.0,22500.0,1.0,22400.0,1,22300.0,1.0,22200.0,1.0,22100.0,1.0,22000.0,1.0,21900.0,1.0,21800.0,1.0,22800.0,1.0,22900.0,1.0,23000.0,1.0,23100.0,1.0,23200.0,1.0,23300.0,1.0,23400.0,1.0,23500.0,1.0,23600.0,1.0,23700.0,1.0
000629.SZ,2020-08-10,09:58:49,22800.0,0.0,0.0,22700.0,1.0,22600.0,1.0,22500.0,1.0,22400.0,1,22300.0,1.0,22200.0,1.0,22100.0,1.0,22000.0,1.0,21900.0,1.0,21800.0,1.0,22800.0,1.0,22900.0,1.0,23000.0,1.0,23100.0,1.0,23200.0,1.0,23300.0,1.0,23400.0,1.0,23500.0,1.0,23600.0,1.0,23700.0,1.0
000629.SZ,2020-08-10,09:58:50,22800.0,1.0,22700.0,22700.0,1.0,22600.0,1.0,22500.0,1.0,22400.0,1,22300.0,1.0,22200.0,1.0,22100.0,1.0,22000.0,1.0,21900.0,1.0,21800.0,1.0,22800.0,1.0,22900.0,1.0,23000.0,1.0,23100.0,1.0,23200.0,1.0,23300.0,1.0,23400.0,1.0,23500.0,1.0,23600.0,1.0,23700.0,1.0
000629.SZ,2020-08-10,09:58:51,22700.0,0.0,0.0,22700.0,1.0,22600.0,1.0,22500.0,1.0,22400.0,1,22300.0,1.0,22200.0,1.0,22100.0,1.0,22000.0,1.0,21900.0,1.0,21800.0,1.0,22800.0,1.0,22900.0,1.0,23000.0,1.0,23100.0,1.0,23200.0,1.0,23300.0,1.0,23400.0,1.0,23500.0,1.0,23600.0,1.0,23700.0,1.0
000629.SZ,2020-08-10,09:58:52,22700.0,0.0,0.0,22700.0,1.0,22600.0,1.0,22500.0,1.0,22400.0,1,22300.0,1.0,22200.0,1.0,22100.0,1.0,22000.0,1.0,21900.0,1.0,21800.0,1.0,22800.0,1.0,22900.0,1.0,23000.0,1.0,23100.0,1.0,23200.0,1.0,23300.0,1.0,23400.0,1.0,23500.0,1.0,23600.0,1.0,23700.0,1.0
000629.SZ,2020-08-10,09:58:53,22700.0,0.0,0.0,22700.0,1.0,22600.0,1.0,22500.0,1.0,22400.0,1,22300.0,1.0,22200.0,1.0,22100.0,1.0,22000.0,1.0,21900.0,1.0,21800.0,1.0,22800.0,1.0,22900.0,1.0,23000.0,1.0,23100.0,1.0,23200.0,1.0,23300.0,1.0,23400.0,1.0,23500.0,1.0,23600.0,1.0,23700.0,1.0
000629.SZ,2020-08-10,09:58:54,22700.0,0.0,0.0,22700.0,1.0,22600.0,1.0,22500.0,1.0,22400.0,1,22300.0,1.0,22200.0,1.0,22100.0,1.0,22000.0,1.0,21900.0,1.0,21800.0,1.0,22800.0,1.0,22900.0,1.0,23000.0,1.0,23100.0,1.0,23200.0,1.0,23300.0,1.0,23400.0,1.0,23500.0,1.0,23600.0,1.0,23700.0,1.0
000629.SZ,2020-08-10,09:58:55,22700.0,0.0,0.0,22700.0,1.0,22600.0,1.0,22500.0,1.0,22400.0,1,22300.0,1.0,22200.0,1.0,22100.0,1.0,22000.0,1.0,21900.0,1.0,21800.0,1.0,22800.0,1.0,22900.0,1.0,23000.0,1.0,23100.0,1.0,23200.0,1.0,23300.0,1.0,23400.0,1.0,23500.0,1.0,23600.0,1.0,23700.0,1.0
000629.SZ,2020-08-10,09:58:56,22700.0,0.0,0.0,22700.0,1.0,22600.0,1.0,22500.0,1.0,22400.0,1,22300.0,1.0,22200.0,1.0,22100.0,1.0,22000.0,1.0,21900.0,1.0,21800.0,1.0,22800.0,1.0,22900.0,1.0,23000.0,1.0,23100.0,1.0,23200.0,1.0,23300.0,1.0,23400.0,1.0,23500.0,1.0,23600.0,1.0,23700.0,1.0
000629.SZ,2020-08-10,09:58:57,22700.0,0.0,0.0,22700.0,1.0,22600.0,1.0,22500.0,1.0,22400.0,1,22300.0,1.0,22200.0,1.0,22100.0,1.0,22000.0,1.0,21900.0,1.0,21800.0,1.0,22800.0,1.0,22900.0,1.0,23000.0,1.0,23100.0,1.0,23200.0,1.0,23300.0,1.0,23400.0,1.0,23500.0,1.0,23600.0,1.0,23700.0,1.0
000629.SZ,2020-08-10,09:58:58,22700.0,0.0,0.0,22700.0,1.0,22600.0,1.0,22500.0,1.0,22400.0,1,22300.0,1.0,22200.0,1.0,22100.0,1.0,22000.0,1.0,21900.0,1.0,21800.0,1.0,22800.0,1.0,22900.0,1.0,23000.0,1.0,23100.0,1.0,23200.0,1.0,23300.0,1.0,23400.0,1.0,23500.0,1.0,23600.0,1.0,23700.0,1.0
000629.SZ,2020-08-10,09:58:59,22700.0,0.0,0.0,22700.0,1.0,22600.0,1.0,22500.0,1.0,22400.0,1,22300.0,1.0,22200.0,1.0,22100.0,1.0,22000.0,1.0,21900.0,1.0,21800.0,1.0,22800.0,1.0,22900.0,1.0,23000.0,1.0,23100.0,1.0,23200.0,1.0,23300.0,1.0,23400.0,1.0,23500.0,1.0,23600.0,1.0,23700.0,1.0
000629.SZ,2020-08-10,09:59:00,22700.0,0.0,0.0,22700.0,1.0,22600.0,1.0,22500.0,1.0,22400.0,1,22300.0,1.0,22200.0,1.0,22100.0,1.0,22000.0,1.0,21900.0,1.0,21800.0,1.0,22800.0,1.0,22900.0,1.0,23000.0,1.0,23100.0,1.0,23200.0,1.0,23300.0,1.0,23400.0,1.0,23500.0,1.0,23600.0,1.0,23700.0,1.0
000629.SZ,2020-08-10,09:59:01,22700.0,0.0,0.0,22700.0,1.0,22600.0,1.0,22500.0,1.0,22400.0,1,22300.0,1.0,22200.0,1.0,22100.0,1.0,22000.0,1.0,21900.0,1.0,21800.0,1.0,22800.0,1.0,22900.0,1.0,23000.0,1.0,23100.0,1.0,23200.0,1.0,23300.0,1.0,23400.0,1.0,23500.0,1.0,23600.0,1.0,23700.0,1.0
000629.SZ,2020-08-10,09:59:02,22700.0,0.0,0.0,22700.0,1.0,22600.0,1.0,22500.0,1.0,22400.0,1,22300.0,1.0,22200.0,1.0,22100.0,1.0,22000.0,1.0,21900.0,1.0,21800.0,1.0,22800.0,1.0,22900.0,1.0,23000.0,1.0,23100.0,1.0,23200.0,1.0,23300.0,1.0,23400.0,1.0,23500.0,1.0,23600.0,1.0,23700.0,1.0
000629.SZ,2020-08-10,09:59:03,22700.0,0.0,0.0,22700.0,1.0,22600.0,1.0,22500.0,1.0,22400.0,1,22300.0,1.0,22200.0,1.0,22100.0,1.0,22000.0,1.0,21900.0,1.0,21800.0,1.0,22800.0,1.0,22900.0,1.0,23000.0,1.0,23100.0,1.0,23200.0,1.0,23300.0,1.0,23400.0,1.0,23500.0,1.0,23600.0,1.0,23700.0,1.0
000629.SZ,2020-08-10,09:59:04,22700.0,0.0,0.0,22700.0,1.0,22600.0,1.0,22500.0,1.0,22400.0,1,22300.0,1.0,22200.0,1.0,22100.0,1.0,22000.0,1.0,21900.0,1.0,21800.0,1.0,22800.0,1.0,22900.0,1.0,23000.0,1.0,23100.0,1.0,23200.0,1.0,23300.0,1.0,23400.0,1.0,23500.0,1.0,23600.0,1.0,23700.0,1.0
000629.SZ,2020-08-10,09:59:05,22700.0,0.0,0.0,22700.0,1.0,22600.0,1.0,22500.0,1.0,22400.0,1,22300.0,1.0,22200.0,1.0,22100.0,1.0,22000.0,1.0,21900.0,1.0,21800.0,1.0,22800.0,1.0,22900.0,1.0,23000.0,1.0,23100.0,1.0,23200.0,1.0,23300.0,1.0,23400.0,1.0,23500.0,1.0,23600.0,1.0,23700.0,1.0
000629.SZ,2020-08-10,09:59:06,22700.0,0.0,0.0,22700.0,1.0,22600.0,1.0,22500.0,1.0,22400.0,1,22300.0,1.0,22200.0,1.0,22100.0,1.0,22000.0,1.0,21900.0,1.0,21800.0,1.0,22800.0,1.0,22900.0,1.0,23000.0,1.0,23100.0,1.0,23200.0,1.0,23300.0,1.0,23400.0,1.0,23500.0,1.0,23600.0,1.0,23700.0,1.0
000629.SZ,2020-08-10,09:59:07,22700.0,0.0,0.0,22700.0,1.0,22600.0,1.0,22500.0,1.0,22400.0,1,22300.0,1.0,22200.0,1.0,22100.0,1.0,22000.0,1.0,21900.0,1.0,21800.0,1.0,22800.0,1.0,22900.0,1.0,23000.0,1.0,23100.0,1.0,23200.0,1.0,23300.0,1.0,23400.0,1.0,23500.0,1.0,23600.0,1.0,23700.0,1.0
000629.SZ,2020-08-10,09:59:08,22700.0,0.0,0.0,22700.0,1.0,22600.0,1.0,22500.0,1.0,22400.0,1,22300.0,1.0,22200.0,1.0,22100.0,1.0,22000.0,1.0,21900.0,1.0,21800.0,1.0,22800.0,1.0,22900.0,1.0,23000.0,1.0,23100.0,1.0,23200.0,1.0,23300.0,1.0,23400.0,1.0,23500.0,1.0,23600.0,1.0,23700.0,1.0
000629.SZ,2020-08-10,09:59:09,22700.0,0.0068027210884353,155.10204081632654,22700.0,1.0,22600.0,1.0,22500.0,1.0,22400.0,1,22300.0,1.0,22200.0,1.0,22100.0,1.0,22000.0,1.0,21900.0,1.0,21800.0,1.0,22800.0,1.0,22900.0,1.0,23000.0,1.0,23100.0,1.0,23200.0,1.0,23300.0,1.0,23400.0,1.0,23500.0,1.0,23600.0,1.0,23700.0,1.0
000629.SZ,2020-08-10,09:59:10,22800.0,0.0,0.0,22700.0,1.0,22600.0,1.0,22500.0,1.0,22400.0,1,22300.0,1.0,22200.0,1.0,22100.0,1.0,22000.0,1.0,21900.0,1.0,21800.0,1.0,22800.0,1.0,22900.0,1.0,23000.0,1.0,23100.0,1.0,23200.0,1.0,23300.0,1.0,23400.0,1.0,23500.0,1.0,23600.0,1.0,23700.0,1.0
000629.SZ,2020-08-10,09:59:11,22800.0,0.0,0.0,22700.0,1.0,22600.0,1.0,22500.0,1.0,22400.0,1,22300.0,1.0,22200.0,1.0,22100.0,1.0,22000.0,1.0,21900.0,1.0,21800.0,1.0,22800.0,1.0,22900.0,1.0,23000.0,1.0,23100.0,1.0,23200.0,1.0,23300.0,1.0,23400.0,1.0,23500.0,1.0,23600.0,1.0,23700.0,1.0
000629.SZ,2020-08-10,09:59:12,22800.0,0.0721088435374149,1644.0816326530612,22700.0,1.0,22600.0,1.0,22500.0,1.0,22400.0,1,22300.0,1.0,22200.0,1.0,22100.0,1.0,22000.0,1.0,21900.0,1.0,21800.0,1.0,22800.0,1.0,22900.0,1.0,23000.0,1.0,23100.0,1.0,23200.0,1.0,23300.0,1.0,23400.0,1.0,23500.0,1.0,23600.0,1.0,23700.0,1.0
000629.SZ,2020-08-10,09:59:13,22800.0,0.0299319727891156,679.4557823129252,22700.0,1.0,22600.0,1.0,22500.0,1.0,22400.0,1,22300.0,1.0,22200.0,1.0,22100.0,1.0,22000.0,1.0,21900.0,1.0,21800.0,1.0,22800.0,1.0,22900.0,1.0,23000.0,1.0,23100.0,1.0,23200.0,1.0,23300.0,1.0,23400.0,1.0,23500.0,1.0,23600.0,1.0,23700.0,1.0
000629.SZ,2020-08-10,09:59:14,22700.0,0.0748299319727891,1698.639455782313,22700.0,1.0,22600.0,1.0,22500.0,1.0,22400.0,1,22300.0,1.0,22200.0,1.0,22100.0,1.0,22000.0,1.0,21900.0,1.0,21800.0,1.0,22800.0,1.0,22900.0,1.0,23000.0,1.0,23100.0,1.0,23200.0,1.0,23300.0,1.0,23400.0,1.0,23500.0,1.0,23600.0,1.0,23700.0,1.0
000629.SZ,2020-08-10,09:59:15,22700.0,0.0299319727891156,679.4557823129252,22700.0,1.0,22600.0,1.0,22500.0,1.0,22400.0,1,22300.0,1.0,22200.0,1.0,22100.0,1.0,22000.0,1.0,21900.0,1.0,21800.0,1.0,22800.0,1.0,22900.0,1.0,23000.0,1.0,23100.0,1.0,23200.0,1.0,23300.0,1.0,23400.0,1.0,23500.0,1.0,23600.0,1.0,23700.0,1.0
000629.SZ,2020-08-10,09:59:16,22700.0,0.0,0.0,22700.0,1.0,22600.0,1.0,22500.0,1.0,22400.0,1,22300.0,1.0,22200.0,1.0,22100.0,1.0,22000.0,1.0,21900.0,1.0,21800.0,1.0,22800.0,1.0,22900.0,1.0,23000.0,1.0,23100.0,1.0,23200.0,1.0,23300.0,1.0,23400.0,1.0,23500.0,1.0,23600.0,1.0,23700.0,1.0
000629.SZ,2020-08-10,09:59:17,22700.0,0.0136054421768707,308.843537414966,22700.0,1.0,22600.0,1.0,22500.0,1.0,22400.0,1,22300.0,1.0,22200.0,1.0,22100.0,1.0,22000.0,1.0,21900.0,1.0,21800.0,1.0,22800.0,1.0,22900.0,1.0,23000.0,1.0,23100.0,1.0,23200.0,1.0,23300.0,1.0,23400.0,1.0,23500.0,1.0,23600.0,1.0,23700.0,1.0
000629.SZ,2020-08-10,09:59:18,22700.0,0.0,0.0,22700.0,1.0,22600.0,1.0,22500.0,1.0,22400.0,1,22300.0,1.0,22200.0,1.0,22100.0,1.0,22000.0,1.0,21900.0,1.0,21800.0,1.0,22800.0,1.0,22900.0,1.0,23000.0,1.0,23100.0,1.0,23200.0,1.0,23300.0,1.0,23400.0,1.0,23500.0,1.0,23600.0,1.0,23700.0,1.0
000629.SZ,2020-08-10,09:59:19,22700.0,0.0,0.0,22700.0,1.0,22600.0,1.0,22500.0,1.0,22400.0,1,22300.0,1.0,22200.0,1.0,22100.0,1.0,22000.0,1.0,21900.0,1.0,21800.0,1.0,22800.0,1.0,22900.0,1.0,23000.0,1.0,23100.0,1.0,23200.0,1.0,23300.0,1.0,23400.0,1.0,23500.0,1.0,23600.0,1.0,23700.0,1.0
000629.SZ,2020-08-10,09:59:20,22700.0,0.0217687074829931,494.1496598639456,22700.0,1.0,22600.0,1.0,22500.0,1.0,22400.0,1,22300.0,1.0,22200.0,1.0,22100.0,1.0,22000.0,1.0,21900.0,1.0,21800.0,1.0,22800.0,1.0,22900.0,1.0,23000.0,1.0,23100.0,1.0,23200.0,1.0,23300.0,1.0,23400.0,1.0,23500.0,1.0,23600.0,1.0,23700.0,1.0
000629.SZ,2020-08-10,09:59:21,22700.0,0.0,0.0,22700.0,1.0,22600.0,1.0,22500.0,1.0,22400.0,1,22300.0,1.0,22200.0,1.0,22100.0,1.0,22000.0,1.0,21900.0,1.0,21800.0,1.0,22800.0,1.0,22900.0,1.0,23000.0,1.0,23100.0,1.0,23200.0,1.0,23300.0,1.0,23400.0,1.0,23500.0,1.0,23600.0,1.0,23700.0,1.0
000629.SZ,2020-08-10,09:59:22,22700.0,0.0,0.0,22700.0,1.0,22600.0,1.0,22500.0,1.0,22400.0,1,22300.0,1.0,22200.0,1.0,22100.0,1.0,22000.0,1.0,21900.0,1.0,21800.0,1.0,22800.0,1.0,22900.0,1.0,23000.0,1.0,23100.0,1.0,23200.0,1.0,23300.0,1.0,23400.0,1.0,23500.0,1.0,23600.0,1.0,23700.0,1.0
000629.SZ,2020-08-10,09:59:23,22700.0,0.1170068027210884,2656.0544217687075,22700.0,1.0,22600.0,1.0,22500.0,1.0,22400.0,1,22300.0,1.0,22200.0,1.0,22100.0,1.0,22000.0,1.0,21900.0,1.0,21800.0,1.0,22800.0,1.0,22900.0,1.0,23000.0,1.0,23100.0,1.0,23200.0,1.0,23300.0,1.0,23400.0,1.0,23500.0,1.0,23600.0,1.0,23700.0,1.0
000629.SZ,2020-08-10,09:59:24,22700.0,0.0,0.0,22700.0,1.0,22600.0,1.0,22500.0,1.0,22400.0,1,22300.0,1.0,22200.0,1.0,22100.0,1.0,22000.0,1.0,21900.0,1.0,21800.0,1.0,22800.0,1.0,22900.0,1.0,23000.0,1.0,23100.0,1.0,23200.0,1.0,23300.0,1.0,23400.0,1.0,23500.0,1.0,23600.0,1.0,23700.0,1.0
000629.SZ,2020-08-10,09:59:25,22700.0,0.0,0.0,22700.0,1.0,22600.0,1.0,22500.0,1.0,22400.0,1,22300.0,1.0,22200.0,1.0,22100.0,1.0,22000.0,1.0,21900.0,1.0,21800.0,1.0,22800.0,1.0,22900.0,1.0,23000.0,1.0,23100.0,1.0,23200.0,1.0,23300.0,1.0,23400.0,1.0,23500.0,1.0,23600.0,1.0,23700.0,1.0
000629.SZ,2020-08-10,09:59:26,22700.0,0.7428571428571429,16862.857142857145,22700.0,1.0,22600.0,1.0,22500.0,1.0,22400.0,1,22300.0,1.0,22200.0,1.0,22100.0,1.0,22000.0,1.0,21900.0,1.0,21800.0,1.0,22800.0,1.0,22900.0,1.0,23000.0,1.0,23100.0,1.0,23200.0,1.0,23300.0,1.0,23400.0,1.0,23500.0,1.0,23600.0,1.0,23700.0,1.0
000629.SZ,2020-08-10,09:59:27,22700.0,0.0,0.0,22700.0,1.0,22600.0,1.0,22500.0,1.0,22400.0,1,22300.0,1.0,22200.0,1.0,22100.0,1.0,22000.0,1.0,21900.0,1.0,21800.0,1.0,22800.0,1.0,22900.0,1.0,23000.0,1.0,23100.0,1.0,23200.0,1.0,23300.0,1.0,23400.0,1.0,23500.0,1.0,23600.0,1.0,23700.0,1.0
000629.SZ,2020-08-10,09:59:28,22700.0,0.0680272108843537,1551.0204081632655,22700.0,1.0,22600.0,1.0,22500.0,1.0,22400.0,1,22300.0,1.0,22200.0,1.0,22100.0,1.0,22000.0,1.0,21900.0,1.0,21800.0,1.0,22800.0,1.0,22900.0,1.0,23000.0,1.0,23100.0,1.0,23200.0,1.0,23300.0,1.0,23400.0,1.0,23500.0,1.0,23600.0,1.0,23700.0,1.0
000629.SZ,2020-08-10,09:59:29,22800.0,0.0095238095238095,217.1428571428572,22700.0,1.0,22600.0,1.0,22500.0,1.0,22400.0,1,22300.0,1.0,22200.0,1.0,22100.0,1.0,22000.0,1.0,21900.0,1.0,21800.0,1.0,22800.0,1.0,22900.0,1.0,23000.0,1.0,23100.0,1.0,23200.0,1.0,23300.0,1.0,23400.0,1.0,23500.0,1.0,23600.0,1.0,23700.0,1.0
000629.SZ,2020-08-10,09:59:30,22800.0,0.0,0.0,22700.0,1.0,22600.0,1.0,22500.0,1.0,22400.0,1,22300.0,1.0,22200.0,1.0,22100.0,1.0,22000.0,1.0,21900.0,1.0,21800.0,1.0,22800.0,1.0,22900.0,1.0,23000.0,1.0,23100.0,1.0,23200.0,1.0,23300.0,1.0,23400.0,1.0,23500.0,1.0,23600.0,1.0,23700.0,1.0
000629.SZ,2020-08-10,09:59:31,22800.0,0.0,0.0,22700.0,1.0,22600.0,1.0,22500.0,1.0,22400.0,1,22300.0,1.0,22200.0,1.0,22100.0,1.0,22000.0,1.0,21900.0,1.0,21800.0,1.0,22800.0,1.0,22900.0,1.0,23000.0,1.0,23100.0,1.0,23200.0,1.0,23300.0,1.0,23400.0,1.0,23500.0,1.0,23600.0,1.0,23700.0,1.0
000629.SZ,2020-08-10,09:59:32,22800.0,0.0,0.0,22700.0,1.0,22600.0,1.0,22500.0,1.0,22400.0,1,22300.0,1.0,22200.0,1.0,22100.0,1.0,22000.0,1.0,21900.0,1.0,21800.0,1.0,22800.0,1.0,22900.0,1.0,23000.0,1.0,23100.0,1.0,23200.0,1.0,23300.0,1.0,23400.0,1.0,23500.0,1.0,23600.0,1.0,23700.0,1.0
000629.SZ,2020-08-10,09:59:33,22800.0,0.1061224489795918,2408.9795918367345,22700.0,1.0,22600.0,1.0,22500.0,1.0,22400.0,1,22300.0,1.0,22200.0,1.0,22100.0,1.0,22000.0,1.0,21900.0,1.0,21800.0,1.0,22800.0,1.0,22900.0,1.0,23000.0,1.0,23100.0,1.0,23200.0,1.0,23300.0,1.0,23400.0,1.0,23500.0,1.0,23600.0,1.0,23700.0,1.0
000629.SZ,2020-08-10,09:59:34,22700.0,0.0,0.0,22700.0,1.0,22600.0,1.0,22500.0,1.0,22400.0,1,22300.0,1.0,22200.0,1.0,22100.0,1.0,22000.0,1.0,21900.0,1.0,21800.0,1.0,22800.0,1.0,22900.0,1.0,23000.0,1.0,23100.0,1.0,23200.0,1.0,23300.0,1.0,23400.0,1.0,23500.0,1.0,23600.0,1.0,23700.0,1.0
000629.SZ,2020-08-10,09:59:35,22700.0,0.0,0.0,22700.0,1.0,22600.0,1.0,22500.0,1.0,22400.0,1,22300.0,1.0,22200.0,1.0,22100.0,1.0,22000.0,1.0,21900.0,1.0,21800.0,1.0,22800.0,1.0,22900.0,1.0,23000.0,1.0,23100.0,1.0,23200.0,1.0,23300.0,1.0,23400.0,1.0,23500.0,1.0,23600.0,1.0,23700.0,1.0
000629.SZ,2020-08-10,09:59:36,22700.0,0.0,0.0,22700.0,1.0,22600.0,1.0,22500.0,1.0,22400.0,1,22300.0,1.0,22200.0,1.0,22100.0,1.0,22000.0,1.0,21900.0,1.0,21800.0,1.0,22800.0,1.0,22900.0,1.0,23000.0,1.0,23100.0,1.0,23200.0,1.0,23300.0,1.0,23400.0,1.0,23500.0,1.0,23600.0,1.0,23700.0,1.0
000629.SZ,2020-08-10,09:59:37,22700.0,0.0081632653061224,185.3061224489796,22700.0,1.0,22600.0,1.0,22500.0,1.0,22400.0,1,22300.0,1.0,22200.0,1.0,22100.0,1.0,22000.0,1.0,21900.0,1.0,21800.0,1.0,22800.0,1.0,22900.0,1.0,23000.0,1.0,23100.0,1.0,23200.0,1.0,23300.0,1.0,23400.0,1.0,23500.0,1.0,23600.0,1.0,23700.0,1.0
000629.SZ,2020-08-10,09:59:38,22700.0,0.1782312925170068,4045.8503401360554,22700.0,1.0,22600.0,1.0,22500.0,1.0,22400.0,1,22300.0,1.0,22200.0,1.0,22100.0,1.0,22000.0,1.0,21900.0,1.0,21800.0,1.0,22800.0,1.0,22900.0,1.0,23000.0,1.0,23100.0,1.0,23200.0,1.0,23300.0,1.0,23400.0,1.0,23500.0,1.0,23600.0,1.0,23700.0,1.0
000629.SZ,2020-08-10,09:59:39,22700.0,0.0,0.0,22700.0,1.0,22600.0,1.0,22500.0,1.0,22400.0,1,22300.0,1.0,22200.0,1.0,22100.0,1.0,22000.0,1.0,21900.0,1.0,21800.0,1.0,22800.0,1.0,22900.0,1.0,23000.0,1.0,23100.0,1.0,23200.0,1.0,23300.0,1.0,23400.0,1.0,23500.0,1.0,23600.0,1.0,23700.0,1.0
000629.SZ,2020-08-10,09:59:40,22700.0,0.0,0.0,22700.0,1.0,22600.0,1.0,22500.0,1.0,22400.0,1,22300.0,1.0,22200.0,1.0,22100.0,1.0,22000.0,1.0,21900.0,1.0,21800.0,1.0,22800.0,1.0,22900.0,1.0,23000.0,1.0,23100.0,1.0,23200.0,1.0,23300.0,1.0,23400.0,1.0,23500.0,1.0,23600.0,1.0,23700.0,1.0
000629.SZ,2020-08-10,09:59:41,22700.0,0.0,0.0,22700.0,1.0,22600.0,1.0,22500.0,1.0,22400.0,1,22300.0,1.0,22200.0,1.0,22100.0,1.0,22000.0,1.0,21900.0,1.0,21800.0,1.0,22800.0,1.0,22900.0,1.0,23000.0,1.0,23100.0,1.0,23200.0,1.0,23300.0,1.0,23400.0,1.0,23500.0,1.0,23600.0,1.0,23700.0,1.0
000629.SZ,2020-08-10,09:59:42,22700.0,0.0,0.0,22700.0,1.0,22600.0,1.0,22500.0,1.0,22400.0,1,22300.0,1.0,22200.0,1.0,22100.0,1.0,22000.0,1.0,21900.0,1.0,21800.0,1.0,22800.0,1.0,22900.0,1.0,23000.0,1.0,23100.0,1.0,23200.0,1.0,23300.0,1.0,23400.0,1.0,23500.0,1.0,23600.0,1.0,23700.0,1.0
000629.SZ,2020-08-10,09:59:43,22700.0,0.5591836734693878,12693.469387755104,22700.0,1.0,22600.0,1.0,22500.0,1.0,22400.0,1,22300.0,1.0,22200.0,1.0,22100.0,1.0,22000.0,1.0,21900.0,1.0,21800.0,1.0,22800.0,1.0,22900.0,1.0,23000.0,1.0,23100.0,1.0,23200.0,1.0,23300.0,1.0,23400.0,1.0,23500.0,1.0,23600.0,1.0,23700.0,1.0
000629.SZ,2020-08-10,09:59:44,22700.0,0.0,0.0,22700.0,1.0,22600.0,1.0,22500.0,1.0,22400.0,1,22300.0,1.0,22200.0,1.0,22100.0,1.0,22000.0,1.0,21900.0,1.0,21800.0,1.0,22800.0,1.0,22900.0,1.0,23000.0,1.0,23100.0,1.0,23200.0,1.0,23300.0,1.0,23400.0,1.0,23500.0,1.0,23600.0,1.0,23700.0,1.0
000629.SZ,2020-08-10,09:59:45,22700.0,0.0040816326530612,92.6530612244898,22700.0,1.0,22600.0,1.0,22500.0,1.0,22400.0,1,22300.0,1.0,22200.0,1.0,22100.0,1.0,22000.0,1.0,21900.0,1.0,21800.0,1.0,22800.0,1.0,22900.0,1.0,23000.0,1.0,23100.0,1.0,23200.0,1.0,23300.0,1.0,23400.0,1.0,23500.0,1.0,23600.0,1.0,23700.0,1.0
000629.SZ,2020-08-10,09:59:46,22700.0,0.0503401360544217,1142.721088435374,22700.0,1.0,22600.0,1.0,22500.0,1.0,22400.0,1,22300.0,1.0,22200.0,1.0,22100.0,1.0,22000.0,1.0,21900.0,1.0,21800.0,1.0,22800.0,1.0,22900.0,1.0,23000.0,1.0,23100.0,1.0,23200.0,1.0,23300.0,1.0,23400.0,1.0,23500.0,1.0,23600.0,1.0,23700.0,1.0
000629.SZ,2020-08-10,09:59:47,22700.0,0.0,0.0,22700.0,1.0,22600.0,1.0,22500.0,1.0,22400.0,1,22300.0,1.0,22200.0,1.0,22100.0,1.0,22000.0,1.0,21900.0,1.0,21800.0,1.0,22800.0,1.0,22900.0,1.0,23000.0,1.0,23100.0,1.0,23200.0,1.0,23300.0,1.0,23400.0,1.0,23500.0,1.0,23600.0,1.0,23700.0,1.0
000629.SZ,2020-08-10,09:59:48,22700.0,0.0,0.0,22700.0,1.0,22600.0,1.0,22500.0,1.0,22400.0,1,22300.0,1.0,22200.0,1.0,22100.0,1.0,22000.0,1.0,21900.0,1.0,21800.0,1.0,22800.0,1.0,22900.0,1.0,23000.0,1.0,23100.0,1.0,23200.0,1.0,23300.0,1.0,23400.0,1.0,23500.0,1.0,23600.0,1.0,23700.0,1.0
000629.SZ,2020-08-10,09:59:49,22700.0,0.0,0.0,22700.0,1.0,22600.0,1.0,22500.0,1.0,22400.0,1,22300.0,1.0,22200.0,1.0,22100.0,1.0,22000.0,1.0,21900.0,1.0,21800.0,1.0,22800.0,1.0,22900.0,1.0,23000.0,1.0,23100.0,1.0,23200.0,1.0,23300.0,1.0,23400.0,1.0,23500.0,1.0,23600.0,1.0,23700.0,1.0
000629.SZ,2020-08-10,09:59:50,22700.0,0.0,0.0,22700.0,1.0,22600.0,1.0,22500.0,1.0,22400.0,1,22300.0,1.0,22200.0,1.0,22100.0,1.0,22000.0,1.0,21900.0,1.0,21800.0,1.0,22800.0,1.0,22900.0,1.0,23000.0,1.0,23100.0,1.0,23200.0,1.0,23300.0,1.0,23400.0,1.0,23500.0,1.0,23600.0,1.0,23700.0,1.0
000629.SZ,2020-08-10,09:59:51,22700.0,0.0952380952380952,2161.904761904762,22700.0,1.0,22600.0,1.0,22500.0,1.0,22400.0,1,22300.0,1.0,22200.0,1.0,22100.0,1.0,22000.0,1.0,21900.0,1.0,21800.0,1.0,22800.0,1.0,22900.0,1.0,23000.0,1.0,23100.0,1.0,23200.0,1.0,23300.0,1.0,23400.0,1.0,23500.0,1.0,23600.0,1.0,23700.0,1.0
000629.SZ,2020-08-10,09:59:52,22700.0,0.0,0.0,22700.0,1.0,22600.0,1.0,22500.0,1.0,22400.0,1,22300.0,1.0,22200.0,1.0,22100.0,1.0,22000.0,1.0,21900.0,1.0,21800.0,1.0,22800.0,1.0,22900.0,1.0,23000.0,1.0,23100.0,1.0,23200.0,1.0,23300.0,1.0,23400.0,1.0,23500.0,1.0,23600.0,1.0,23700.0,1.0
000629.SZ,2020-08-10,09:59:53,22700.0,0.0,0.0,22700.0,1.0,22600.0,1.0,22500.0,1.0,22400.0,1,22300.0,1.0,22200.0,1.0,22100.0,1.0,22000.0,1.0,21900.0,1.0,21800.0,1.0,22800.0,1.0,22900.0,1.0,23000.0,1.0,23100.0,1.0,23200.0,1.0,23300.0,1.0,23400.0,1.0,23500.0,1.0,23600.0,1.0,23700.0,1.0
000629.SZ,2020-08-10,09:59:54,22700.0,0.0,0.0,22700.0,1.0,22600.0,1.0,22500.0,1.0,22400.0,1,22300.0,1.0,22200.0,1.0,22100.0,1.0,22000.0,1.0,21900.0,1.0,21800.0,1.0,22800.0,1.0,22900.0,1.0,23000.0,1.0,23100.0,1.0,23200.0,1.0,23300.0,1.0,23400.0,1.0,23500.0,1.0,23600.0,1.0,23700.0,1.0
000629.SZ,2020-08-10,09:59:55,22700.0,0.0,0.0,22700.0,1.0,22600.0,1.0,22500.0,1.0,22400.0,1,22300.0,1.0,22200.0,1.0,22100.0,1.0,22000.0,1.0,21900.0,1.0,21800.0,1.0,22800.0,1.0,22900.0,1.0,23000.0,1.0,23100.0,1.0,23200.0,1.0,23300.0,1.0,23400.0,1.0,23500.0,1.0,23600.0,1.0,23700.0,1.0
000629.SZ,2020-08-10,09:59:56,22700.0,0.0,0.0,22700.0,1.0,22600.0,1.0,22500.0,1.0,22400.0,1,22300.0,1.0,22200.0,1.0,22100.0,1.0,22000.0,1.0,21900.0,1.0,21800.0,1.0,22800.0,1.0,22900.0,1.0,23000.0,1.0,23100.0,1.0,23200.0,1.0,23300.0,1.0,23400.0,1.0,23500.0,1.0,23600.0,1.0,23700.0,1.0
000629.SZ,2020-08-10,09:59:57,22700.0,0.0,0.0,22700.0,1.0,22600.0,1.0,22500.0,1.0,22400.0,1,22300.0,1.0,22200.0,1.0,22100.0,1.0,22000.0,1.0,21900.0,1.0,21800.0,1.0,22800.0,1.0,22900.0,1.0,23000.0,1.0,23100.0,1.0,23200.0,1.0,23300.0,1.0,23400.0,1.0,23500.0,1.0,23600.0,1.0,23700.0,1.0
000629.SZ,2020-08-10,09:59:58,22700.0,0.0,0.0,22700.0,1.0,22600.0,1.0,22500.0,1.0,22400.0,1,22300.0,1.0,22200.0,1.0,22100.0,1.0,22000.0,1.0,21900.0,1.0,21800.0,1.0,22800.0,1.0,22900.0,1.0,23000.0,1.0,23100.0,1.0,23200.0,1.0,23300.0,1.0,23400.0,1.0,23500.0,1.0,23600.0,1.0,23700.0,1.0
000629.SZ,2020-08-10,09:59:59,22700.0,0.0,0.0,22700.0,1.0,22600.0,1.0,22500.0,1.0,22400.0,1,22300.0,1.0,22200.0,1.0,22100.0,1.0,22000.0,1.0,21900.0,1.0,21800.0,1.0,22800.0,1.0,22900.0,1.0,23000.0,1.0,23100.0,1.0,23200.0,1.0,23300.0,1.0,23400.0,1.0,23500.0,1.0,23600.0,1.0,23700.0,1.0
000629.SZ,2020-08-10,10:00:00,22700.0,0.0,0.0,22700.0,1.0,22600.0,1.0,22500.0,1.0,22400.0,1,22300.0,1.0,22200.0,1.0,22100.0,1.0,22000.0,1.0,21900.0,1.0,21800.0,1.0,22800.0,1.0,22900.0,1.0,23000.0,1.0,23100.0,1.0,23200.0,1.0,23300.0,1.0,23400.0,1.0,23500.0,1.0,23600.0,1.0,23700.0,1.0
