StockCode,DataDate,UpdateTime,LastPrice,Volume,turnover,BidPrice1,BidVolume1,BidPrice2,BidVolume2,BidPrice3,BidVolume3,BidPrice4,BidVolume4,BidPrice5,BidVolume5,BidPrice6,BidVolume6,BidPrice7,BidVolume7,BidPrice8,BidVolume8,BidPrice9,BidVolume9,BidPrice10,BidVolume10,AskPrice1,AskVolume1,AskPrice2,AskVolume2,AskPrice3,AskVolume3,AskPrice4,AskVolume4,AskPrice5,AskVolume5,AskPrice6,AskVolume6,AskPrice7,AskVolume7,AskPrice8,AskVolume8,AskPrice9,AskVolume9,AskPrice10,AskVolume10
000629.SZ,2020-08-07,09:30:01,23600.0,228700.0,5388629400.0,23500.0,1.0,23400.0,1.0,23300.0,1.0,23200.0,1,23100.0,1.0,23000.0,1.0,22900.0,1.0,22800.0,1.0,22700.0,1.0,22600.0,1.0,23600.0,1.0,23700.0,1.0,23800.0,1.0,23900.0,1.0,24000.0,1.0,24100.0,1.0,24200.0,1.0,24300.0,1.0,24400.0,1.0,24500.0,1.0
000629.SZ,2020-08-07,09:30:02,23600.0,140600.0,3307193200.0,23500.0,1.0,23400.0,1.0,23300.0,1.0,23200.0,1,23100.0,1.0,23000.0,1.0,22900.0,1.0,22800.0,1.0,22700.0,1.0,22600.0,1.0,23600.0,1.0,23700.0,1.0,23800.0,1.0,23900.0,1.0,24000.0,1.0,24100.0,1.0,24200.0,1.0,24300.0,1.0,24400.0,1.0,24500.0,1.0
000629.SZ,2020-08-07,09:30:03,23600.0,0.0,0.0,23500.0,1.0,23400.0,1.0,23300.0,1.0,23200.0,1,23100.0,1.0,23000.0,1.0,22900.0,1.0,22800.0,1.0,22700.0,1.0,22600.0,1.0,23600.0,1.0,23700.0,1.0,23800.0,1.0,23900.0,1.0,24000.0,1.0,24100.0,1.0,24200.0,1.0,24300.0,1.0,24400.0,1.0,24500.0,1.0
000629.SZ,2020-08-07,09:30:04,23600.0,0.0,0.0,23500.0,1.0,23400.0,1.0,23300.0,1.0,23200.0,1,23100.0,1.0,23000.0,1.0,22900.0,1.0,22800.0,1.0,22700.0,1.0,22600.0,1.0,23600.0,1.0,23700.0,1.0,23800.0,1.0,23900.0,1.0,24000.0,1.0,24100.0,1.0,24200.0,1.0,24300.0,1.0,24400.0,1.0,24500.0,1.0
000629.SZ,2020-08-07,09:30:05,23600.0,0.0,0.0,23500.0,1.0,23400.0,1.0,23300.0,1.0,23200.0,1,23100.0,1.0,23000.0,1.0,22900.0,1.0,22800.0,1.0,22700.0,1.0,22600.0,1.0,23600.0,1.0,23700.0,1.0,23800.0,1.0,23900.0,1.0,24000.0,1.0,24100.0,1.0,24200.0,1.0,24300.0,1.0,24400.0,1.0,24500.0,1.0
000629.SZ,2020-08-07,09:30:06,23600.0,0.0,0.0,23500.0,1.0,23400.0,1.0,23300.0,1.0,23200.0,1,23100.0,1.0,23000.0,1.0,22900.0,1.0,22800.0,1.0,22700.0,1.0,22600.0,1.0,23600.0,1.0,23700.0,1.0,23800.0,1.0,23900.0,1.0,24000.0,1.0,24100.0,1.0,24200.0,1.0,24300.0,1.0,24400.0,1.0,24500.0,1.0
000629.SZ,2020-08-07,09:30:07,23600.0,0.0,0.0,23500.0,1.0,23400.0,1.0,23300.0,1.0,23200.0,1,23100.0,1.0,23000.0,1.0,22900.0,1.0,22800.0,1.0,22700.0,1.0,22600.0,1.0,23600.0,1.0,23700.0,1.0,23800.0,1.0,23900.0,1.0,24000.0,1.0,24100.0,1.0,24200.0,1.0,24300.0,1.0,24400.0,1.0,24500.0,1.0
000629.SZ,2020-08-07,09:30:08,23600.0,0.0,0.0,23500.0,1.0,23400.0,1.0,23300.0,1.0,23200.0,1,23100.0,1.0,23000.0,1.0,22900.0,1.0,22800.0,1.0,22700.0,1.0,22600.0,1.0,23600.0,1.0,23700.0,1.0,23800.0,1.0,23900.0,1.0,24000.0,1.0,24100.0,1.0,24200.0,1.0,24300.0,1.0,24400.0,1.0,24500.0,1.0
000629.SZ,2020-08-07,09:30:09,23600.0,0.0,0.0,23500.0,1.0,23400.0,1.0,23300.0,1.0,23200.0,1,23100.0,1.0,23000.0,1.0,22900.0,1.0,22800.0,1.0,22700.0,1.0,22600.0,1.0,23600.0,1.0,23700.0,1.0,23800.0,1.0,23900.0,1.0,24000.0,1.0,24100.0,1.0,24200.0,1.0,24300.0,1.0,24400.0,1.0,24500.0,1.0
000629.SZ,2020-08-07,09:30:10,23600.0,0.0,0.0,23500.0,1.0,23400.0,1.0,23300.0,1.0,23200.0,1,23100.0,1.0,23000.0,1.0,22900.0,1.0,22800.0,1.0,22700.0,1.0,22600.0,1.0,23600.0,1.0,23700.0,1.0,23800.0,1.0,23900.0,1.0,24000.0,1.0,24100.0,1.0,24200.0,1.0,24300.0,1.0,24400.0,1.0,24500.0,1.0
000629.SZ,2020-08-07,09:30:11,23600.0,2700.0,63180000.0,23400.0,1.0,23300.0,1.0,23200.0,1.0,23100.0,1,23000.0,1.0,22900.0,1.0,22800.0,1.0,22700.0,1.0,22600.0,1.0,22500.0,1.0,23500.0,0.05,23600.0,1.0,23700.0,1.0,23800.0,1.0,23900.0,1.0,24000.0,1.0,24100.0,1.0,24200.0,1.0,24300.0,1.0,24400.0,1.0
000629.SZ,2020-08-07,09:30:12,23400.0,4100.0,96239300.0,23400.0,1.0,23300.0,1.0,23200.0,1.0,23100.0,1,23000.0,1.0,22900.0,1.0,22800.0,1.0,22700.0,1.0,22600.0,1.0,22500.0,1.0,23500.0,0.09,23600.0,1.0,23700.0,1.0,23800.0,1.0,23900.0,1.0,24000.0,1.0,24100.0,1.0,24200.0,1.0,24300.0,1.0,24400.0,1.0
000629.SZ,2020-08-07,09:30:13,23400.0,1500.0,35250000.0,23400.0,1.0,23300.0,1.0,23200.0,1.0,23100.0,1,23000.0,1.0,22900.0,1.0,22800.0,1.0,22700.0,1.0,22600.0,1.0,22500.0,1.0,23500.0,0.17,23600.0,1.0,23700.0,1.0,23800.0,1.0,23900.0,1.0,24000.0,1.0,24100.0,1.0,24200.0,1.0,24300.0,1.0,24400.0,1.0
000629.SZ,2020-08-07,09:30:14,23500.0,1300.0,30550000.0,23400.0,1.0,23300.0,1.0,23200.0,1.0,23100.0,1,23000.0,1.0,22900.0,1.0,22800.0,1.0,22700.0,1.0,22600.0,1.0,22500.0,1.0,23500.0,0.16,23600.0,1.0,23700.0,1.0,23800.0,1.0,23900.0,1.0,24000.0,1.0,24100.0,1.0,24200.0,1.0,24300.0,1.0,24400.0,1.0
000629.SZ,2020-08-07,09:30:15,23500.0,5000.0,117500000.0,23400.0,1.0,23300.0,1.0,23200.0,1.0,23100.0,1,23000.0,1.0,22900.0,1.0,22800.0,1.0,22700.0,1.0,22600.0,1.0,22500.0,1.0,23500.0,0.11,23600.0,1.0,23700.0,1.0,23800.0,1.0,23900.0,1.0,24000.0,1.0,24100.0,1.0,24200.0,1.0,24300.0,1.0,24400.0,1.0
000629.SZ,2020-08-07,09:30:16,23500.0,0.0,0.0,23400.0,1.0,23300.0,1.0,23200.0,1.0,23100.0,1,23000.0,1.0,22900.0,1.0,22800.0,1.0,22700.0,1.0,22600.0,1.0,22500.0,1.0,23500.0,0.14,23600.0,1.0,23700.0,1.0,23800.0,1.0,23900.0,1.0,24000.0,1.0,24100.0,1.0,24200.0,1.0,24300.0,1.0,24400.0,1.0
000629.SZ,2020-08-07,09:30:17,23500.0,0.0,0.0,23400.0,1.0,23300.0,1.0,23200.0,1.0,23100.0,1,23000.0,1.0,22900.0,1.0,22800.0,1.0,22700.0,1.0,22600.0,1.0,22500.0,1.0,23500.0,0.15,23600.0,1.0,23700.0,1.0,23800.0,1.0,23900.0,1.0,24000.0,1.0,24100.0,1.0,24200.0,1.0,24300.0,1.0,24400.0,1.0
000629.SZ,2020-08-07,09:30:18,23500.0,0.0,0.0,23400.0,1.0,23300.0,1.0,23200.0,1.0,23100.0,1,23000.0,1.0,22900.0,1.0,22800.0,1.0,22700.0,1.0,22600.0,1.0,22500.0,1.0,23500.0,0.19,23600.0,1.0,23700.0,1.0,23800.0,1.0,23900.0,1.0,24000.0,1.0,24100.0,1.0,24200.0,1.0,24300.0,1.0,24400.0,1.0
000629.SZ,2020-08-07,09:30:19,23500.0,13200.0,310200000.0,23400.0,1.0,23300.0,1.0,23200.0,1.0,23100.0,1,23000.0,1.0,22900.0,1.0,22800.0,1.0,22700.0,1.0,22600.0,1.0,22500.0,1.0,23500.0,0.08,23600.0,1.0,23700.0,1.0,23800.0,1.0,23900.0,1.0,24000.0,1.0,24100.0,1.0,24200.0,1.0,24300.0,1.0,24400.0,1.0
000629.SZ,2020-08-07,09:30:20,23500.0,7500.0,175500000.0,23400.0,1.0,23300.0,1.0,23200.0,1.0,23100.0,1,23000.0,1.0,22900.0,1.0,22800.0,1.0,22700.0,1.0,22600.0,1.0,22500.0,1.0,23500.0,0.08,23600.0,1.0,23700.0,1.0,23800.0,1.0,23900.0,1.0,24000.0,1.0,24100.0,1.0,24200.0,1.0,24300.0,1.0,24400.0,1.0
000629.SZ,2020-08-07,09:30:21,23400.0,0.0,0.0,23400.0,1.0,23300.0,1.0,23200.0,1.0,23100.0,1,23000.0,1.0,22900.0,1.0,22800.0,1.0,22700.0,1.0,22600.0,1.0,22500.0,1.0,23500.0,0.08,23600.0,1.0,23700.0,1.0,23800.0,1.0,23900.0,1.0,24000.0,1.0,24100.0,1.0,24200.0,1.0,24300.0,1.0,24400.0,1.0
000629.SZ,2020-08-07,09:30:22,23400.0,11100.0,260850000.0,23500.0,0.01,23400.0,1.0,23300.0,1.0,23200.0,1,23100.0,1.0,23000.0,1.0,22900.0,1.0,22800.0,1.0,22700.0,1.0,22600.0,1.0,23600.0,1.0,23700.0,1.0,23800.0,1.0,23900.0,1.0,24000.0,1.0,24100.0,1.0,24200.0,1.0,24300.0,1.0,24400.0,1.0,24500.0,1.0
000629.SZ,2020-08-07,09:30:23,23500.0,1500.0,35160000.0,23400.0,1.0,23300.0,1.0,23200.0,1.0,23100.0,1,23000.0,1.0,22900.0,1.0,22800.0,1.0,22700.0,1.0,22600.0,1.0,22500.0,1.0,23500.0,0.01,23600.0,1.0,23700.0,1.0,23800.0,1.0,23900.0,1.0,24000.0,1.0,24100.0,1.0,24200.0,1.0,24300.0,1.0,24400.0,1.0
000629.SZ,2020-08-07,09:30:24,23400.0,700.0,16450000.0,23400.0,1.0,23300.0,1.0,23200.0,1.0,23100.0,1,23000.0,1.0,22900.0,1.0,22800.0,1.0,22700.0,1.0,22600.0,1.0,22500.0,1.0,23500.0,0.01,23600.0,1.0,23700.0,1.0,23800.0,1.0,23900.0,1.0,24000.0,1.0,24100.0,1.0,24200.0,1.0,24300.0,1.0,24400.0,1.0
000629.SZ,2020-08-07,09:30:25,23500.0,20300.0,476745500.0,23500.0,0.46,23400.0,1.0,23300.0,1.0,23200.0,1,23100.0,1.0,23000.0,1.0,22900.0,1.0,22800.0,1.0,22700.0,1.0,22600.0,1.0,23600.0,1.0,23700.0,1.0,23800.0,1.0,23900.0,1.0,24000.0,1.0,24100.0,1.0,24200.0,1.0,24300.0,1.0,24400.0,1.0,24500.0,1.0
000629.SZ,2020-08-07,09:30:26,23500.0,9700.0,227950000.0,23500.0,0.37,23400.0,1.0,23300.0,1.0,23200.0,1,23100.0,1.0,23000.0,1.0,22900.0,1.0,22800.0,1.0,22700.0,1.0,22600.0,1.0,23600.0,1.0,23700.0,1.0,23800.0,1.0,23900.0,1.0,24000.0,1.0,24100.0,1.0,24200.0,1.0,24300.0,1.0,24400.0,1.0,24500.0,1.0
000629.SZ,2020-08-07,09:30:27,23500.0,20600.0,484100000.0,23500.0,0.18,23400.0,1.0,23300.0,1.0,23200.0,1,23100.0,1.0,23000.0,1.0,22900.0,1.0,22800.0,1.0,22700.0,1.0,22600.0,1.0,23600.0,1.0,23700.0,1.0,23800.0,1.0,23900.0,1.0,24000.0,1.0,24100.0,1.0,24200.0,1.0,24300.0,1.0,24400.0,1.0,24500.0,1.0
000629.SZ,2020-08-07,09:30:28,23500.0,20000.0,470000000.0,23500.0,0.3,23400.0,1.0,23300.0,1.0,23200.0,1,23100.0,1.0,23000.0,1.0,22900.0,1.0,22800.0,1.0,22700.0,1.0,22600.0,1.0,23600.0,1.0,23700.0,1.0,23800.0,1.0,23900.0,1.0,24000.0,1.0,24100.0,1.0,24200.0,1.0,24300.0,1.0,24400.0,1.0,24500.0,1.0
000629.SZ,2020-08-07,09:30:29,23500.0,7700.0,180950000.0,23500.0,1.0,23400.0,1.0,23300.0,1.0,23200.0,1,23100.0,1.0,23000.0,1.0,22900.0,1.0,22800.0,1.0,22700.0,1.0,22600.0,1.0,23600.0,1.0,23700.0,1.0,23800.0,1.0,23900.0,1.0,24000.0,1.0,24100.0,1.0,24200.0,1.0,24300.0,1.0,24400.0,1.0,24500.0,1.0
000629.SZ,2020-08-07,09:30:30,23500.0,2300.0,54050000.0,23500.0,1.0,23400.0,1.0,23300.0,1.0,23200.0,1,23100.0,1.0,23000.0,1.0,22900.0,1.0,22800.0,1.0,22700.0,1.0,22600.0,1.0,23600.0,1.0,23700.0,1.0,23800.0,1.0,23900.0,1.0,24000.0,1.0,24100.0,1.0,24200.0,1.0,24300.0,1.0,24400.0,1.0,24500.0,1.0
000629.SZ,2020-08-07,09:30:31,23500.0,34738.0,816343000.0,23500.0,1.0,23400.0,1.0,23300.0,1.0,23200.0,1,23100.0,1.0,23000.0,1.0,22900.0,1.0,22800.0,1.0,22700.0,1.0,22600.0,1.0,23600.0,1.0,23700.0,1.0,23800.0,1.0,23900.0,1.0,24000.0,1.0,24100.0,1.0,24200.0,1.0,24300.0,1.0,24400.0,1.0,24500.0,1.0
000629.SZ,2020-08-07,09:30:32,23500.0,3200.0,75520000.0,23500.0,1.0,23400.0,1.0,23300.0,1.0,23200.0,1,23100.0,1.0,23000.0,1.0,22900.0,1.0,22800.0,1.0,22700.0,1.0,22600.0,1.0,23600.0,1.0,23700.0,1.0,23800.0,1.0,23900.0,1.0,24000.0,1.0,24100.0,1.0,24200.0,1.0,24300.0,1.0,24400.0,1.0,24500.0,1.0
000629.SZ,2020-08-07,09:30:33,23600.0,0.0,0.0,23500.0,1.0,23400.0,1.0,23300.0,1.0,23200.0,1,23100.0,1.0,23000.0,1.0,22900.0,1.0,22800.0,1.0,22700.0,1.0,22600.0,1.0,23600.0,1.0,23700.0,1.0,23800.0,1.0,23900.0,1.0,24000.0,1.0,24100.0,1.0,24200.0,1.0,24300.0,1.0,24400.0,1.0,24500.0,1.0
000629.SZ,2020-08-07,09:30:34,23600.0,0.0,0.0,23500.0,1.0,23400.0,1.0,23300.0,1.0,23200.0,1,23100.0,1.0,23000.0,1.0,22900.0,1.0,22800.0,1.0,22700.0,1.0,22600.0,1.0,23600.0,1.0,23700.0,1.0,23800.0,1.0,23900.0,1.0,24000.0,1.0,24100.0,1.0,24200.0,1.0,24300.0,1.0,24400.0,1.0,24500.0,1.0
000629.SZ,2020-08-07,09:30:35,23600.0,0.0,0.0,23500.0,1.0,23400.0,1.0,23300.0,1.0,23200.0,1,23100.0,1.0,23000.0,1.0,22900.0,1.0,22800.0,1.0,22700.0,1.0,22600.0,1.0,23600.0,1.0,23700.0,1.0,23800.0,1.0,23900.0,1.0,24000.0,1.0,24100.0,1.0,24200.0,1.0,24300.0,1.0,24400.0,1.0,24500.0,1.0
000629.SZ,2020-08-07,09:30:36,23600.0,2000.0,47000000.0,23500.0,1.0,23400.0,1.0,23300.0,1.0,23200.0,1,23100.0,1.0,23000.0,1.0,22900.0,1.0,22800.0,1.0,22700.0,1.0,22600.0,1.0,23600.0,1.0,23700.0,1.0,23800.0,1.0,23900.0,1.0,24000.0,1.0,24100.0,1.0,24200.0,1.0,24300.0,1.0,24400.0,1.0,24500.0,1.0
000629.SZ,2020-08-07,09:30:37,23500.0,144500.0,3408032500.0,23500.0,1.0,23400.0,1.0,23300.0,1.0,23200.0,1,23100.0,1.0,23000.0,1.0,22900.0,1.0,22800.0,1.0,22700.0,1.0,22600.0,1.0,23600.0,1.0,23700.0,1.0,23800.0,1.0,23900.0,1.0,24000.0,1.0,24100.0,1.0,24200.0,1.0,24300.0,1.0,24400.0,1.0,24500.0,1.0
000629.SZ,2020-08-07,09:30:38,23500.0,122400.0,2887538400.0,23500.0,1.0,23400.0,1.0,23300.0,1.0,23200.0,1,23100.0,1.0,23000.0,1.0,22900.0,1.0,22800.0,1.0,22700.0,1.0,22600.0,1.0,23600.0,1.0,23700.0,1.0,23800.0,1.0,23900.0,1.0,24000.0,1.0,24100.0,1.0,24200.0,1.0,24300.0,1.0,24400.0,1.0,24500.0,1.0
000629.SZ,2020-08-07,09:30:39,23600.0,0.0,0.0,23500.0,1.0,23400.0,1.0,23300.0,1.0,23200.0,1,23100.0,1.0,23000.0,1.0,22900.0,1.0,22800.0,1.0,22700.0,1.0,22600.0,1.0,23600.0,1.0,23700.0,1.0,23800.0,1.0,23900.0,1.0,24000.0,1.0,24100.0,1.0,24200.0,1.0,24300.0,1.0,24400.0,1.0,24500.0,1.0
000629.SZ,2020-08-07,09:30:40,23600.0,6000.0,141000000.0,23500.0,1.0,23400.0,1.0,23300.0,1.0,23200.0,1,23100.0,1.0,23000.0,1.0,22900.0,1.0,22800.0,1.0,22700.0,1.0,22600.0,1.0,23600.0,1.0,23700.0,1.0,23800.0,1.0,23900.0,1.0,24000.0,1.0,24100.0,1.0,24200.0,1.0,24300.0,1.0,24400.0,1.0,24500.0,1.0
000629.SZ,2020-08-07,09:30:41,23500.0,5100.0,119850000.0,23500.0,1.0,23400.0,1.0,23300.0,1.0,23200.0,1,23100.0,1.0,23000.0,1.0,22900.0,1.0,22800.0,1.0,22700.0,1.0,22600.0,1.0,23600.0,1.0,23700.0,1.0,23800.0,1.0,23900.0,1.0,24000.0,1.0,24100.0,1.0,24200.0,1.0,24300.0,1.0,24400.0,1.0,24500.0,1.0
000629.SZ,2020-08-07,09:30:42,23500.0,30000.0,708000000.0,23500.0,1.0,23400.0,1.0,23300.0,1.0,23200.0,1,23100.0,1.0,23000.0,1.0,22900.0,1.0,22800.0,1.0,22700.0,1.0,22600.0,1.0,23600.0,1.0,23700.0,1.0,23800.0,1.0,23900.0,1.0,24000.0,1.0,24100.0,1.0,24200.0,1.0,24300.0,1.0,24400.0,1.0,24500.0,1.0
000629.SZ,2020-08-07,09:30:43,23600.0,400.0,9400000.0,23500.0,1.0,23400.0,1.0,23300.0,1.0,23200.0,1,23100.0,1.0,23000.0,1.0,22900.0,1.0,22800.0,1.0,22700.0,1.0,22600.0,1.0,23600.0,1.0,23700.0,1.0,23800.0,1.0,23900.0,1.0,24000.0,1.0,24100.0,1.0,24200.0,1.0,24300.0,1.0,24400.0,1.0,24500.0,1.0
000629.SZ,2020-08-07,09:30:44,23500.0,22700.0,533450000.0,23500.0,1.0,23400.0,1.0,23300.0,1.0,23200.0,1,23100.0,1.0,23000.0,1.0,22900.0,1.0,22800.0,1.0,22700.0,1.0,22600.0,1.0,23600.0,1.0,23700.0,1.0,23800.0,1.0,23900.0,1.0,24000.0,1.0,24100.0,1.0,24200.0,1.0,24300.0,1.0,24400.0,1.0,24500.0,1.0
000629.SZ,2020-08-07,09:30:45,23500.0,1047162.0,24524534040.0,23400.0,1.0,23300.0,1.0,23200.0,1.0,23100.0,1,23000.0,1.0,22900.0,1.0,22800.0,1.0,22700.0,1.0,22600.0,1.0,22500.0,1.0,23500.0,0.04,23600.0,1.0,23700.0,1.0,23800.0,1.0,23900.0,1.0,24000.0,1.0,24100.0,1.0,24200.0,1.0,24300.0,1.0,24400.0,1.0
000629.SZ,2020-08-07,09:30:46,23500.0,0.0,0.0,23400.0,1.0,23300.0,1.0,23200.0,1.0,23100.0,1,23000.0,1.0,22900.0,1.0,22800.0,1.0,22700.0,1.0,22600.0,1.0,22500.0,1.0,23500.0,0.06,23600.0,1.0,23700.0,1.0,23800.0,1.0,23900.0,1.0,24000.0,1.0,24100.0,1.0,24200.0,1.0,24300.0,1.0,24400.0,1.0
000629.SZ,2020-08-07,09:30:47,23500.0,77838.0,1836276258.0,23500.0,0.0,23400.0,1.0,23300.0,1.0,23200.0,1,23100.0,1.0,23000.0,1.0,22900.0,1.0,22800.0,1.0,22700.0,1.0,22600.0,1.0,23600.0,1.0,23700.0,1.0,23800.0,1.0,23900.0,1.0,24000.0,1.0,24100.0,1.0,24200.0,1.0,24300.0,1.0,24400.0,1.0,24500.0,1.0
000629.SZ,2020-08-07,09:30:48,23600.0,12062.0,283457000.0,23400.0,1.0,23300.0,1.0,23200.0,1.0,23100.0,1,23000.0,1.0,22900.0,1.0,22800.0,1.0,22700.0,1.0,22600.0,1.0,22500.0,1.0,23500.0,0.02,23600.0,1.0,23700.0,1.0,23800.0,1.0,23900.0,1.0,24000.0,1.0,24100.0,1.0,24200.0,1.0,24300.0,1.0,24400.0,1.0
000629.SZ,2020-08-07,09:30:49,23500.0,600.0,14100000.0,23400.0,1.0,23300.0,1.0,23200.0,1.0,23100.0,1,23000.0,1.0,22900.0,1.0,22800.0,1.0,22700.0,1.0,22600.0,1.0,22500.0,1.0,23500.0,0.03,23600.0,1.0,23700.0,1.0,23800.0,1.0,23900.0,1.0,24000.0,1.0,24100.0,1.0,24200.0,1.0,24300.0,1.0,24400.0,1.0
000629.SZ,2020-08-07,09:30:50,23500.0,20500.0,481750000.0,23400.0,1.0,23300.0,1.0,23200.0,1.0,23100.0,1,23000.0,1.0,22900.0,1.0,22800.0,1.0,22700.0,1.0,22600.0,1.0,22500.0,1.0,23500.0,0.02,23600.0,1.0,23700.0,1.0,23800.0,1.0,23900.0,1.0,24000.0,1.0,24100.0,1.0,24200.0,1.0,24300.0,1.0,24400.0,1.0
000629.SZ,2020-08-07,09:30:51,23500.0,2138.0,50243000.0,23500.0,0.0,23400.0,1.0,23300.0,1.0,23200.0,1,23100.0,1.0,23000.0,1.0,22900.0,1.0,22800.0,1.0,22700.0,1.0,22600.0,1.0,23600.0,1.0,23700.0,1.0,23800.0,1.0,23900.0,1.0,24000.0,1.0,24100.0,1.0,24200.0,1.0,24300.0,1.0,24400.0,1.0,24500.0,1.0
000629.SZ,2020-08-07,09:30:52,23500.0,62.0,1457000.0,23400.0,1.0,23300.0,1.0,23200.0,1.0,23100.0,1,23000.0,1.0,22900.0,1.0,22800.0,1.0,22700.0,1.0,22600.0,1.0,22500.0,1.0,23500.0,0.0,23600.0,1.0,23700.0,1.0,23800.0,1.0,23900.0,1.0,24000.0,1.0,24100.0,1.0,24200.0,1.0,24300.0,1.0,24400.0,1.0
000629.SZ,2020-08-07,09:30:53,23500.0,2800.0,65800000.0,23400.0,1.0,23300.0,1.0,23200.0,1.0,23100.0,1,23000.0,1.0,22900.0,1.0,22800.0,1.0,22700.0,1.0,22600.0,1.0,22500.0,1.0,23500.0,0.33,23600.0,1.0,23700.0,1.0,23800.0,1.0,23900.0,1.0,24000.0,1.0,24100.0,1.0,24200.0,1.0,24300.0,1.0,24400.0,1.0
000629.SZ,2020-08-07,09:30:54,23500.0,33700.0,791950000.0,23400.0,1.0,23300.0,1.0,23200.0,1.0,23100.0,1,23000.0,1.0,22900.0,1.0,22800.0,1.0,22700.0,1.0,22600.0,1.0,22500.0,1.0,23500.0,0.03,23600.0,1.0,23700.0,1.0,23800.0,1.0,23900.0,1.0,24000.0,1.0,24100.0,1.0,24200.0,1.0,24300.0,1.0,24400.0,1.0
000629.SZ,2020-08-07,09:30:55,23500.0,6700.0,157450000.0,23400.0,1.0,23300.0,1.0,23200.0,1.0,23100.0,1,23000.0,1.0,22900.0,1.0,22800.0,1.0,22700.0,1.0,22600.0,1.0,22500.0,1.0,23500.0,0.01,23600.0,1.0,23700.0,1.0,23800.0,1.0,23900.0,1.0,24000.0,1.0,24100.0,1.0,24200.0,1.0,24300.0,1.0,24400.0,1.0
000629.SZ,2020-08-07,09:30:56,23500.0,600.0,14100000.0,23400.0,1.0,23300.0,1.0,23200.0,1.0,23100.0,1,23000.0,1.0,22900.0,1.0,22800.0,1.0,22700.0,1.0,22600.0,1.0,22500.0,1.0,23600.0,1.0,23700.0,1.0,23800.0,1.0,23900.0,1.0,24000.0,1.0,24100.0,1.0,24200.0,1.0,24300.0,1.0,24400.0,1.0,24500.0,1.0
000629.SZ,2020-08-07,09:30:57,23500.0,9600.0,224832000.0,23400.0,1.0,23300.0,1.0,23200.0,1.0,23100.0,1,23000.0,1.0,22900.0,1.0,22800.0,1.0,22700.0,1.0,22600.0,1.0,22500.0,1.0,23600.0,1.0,23700.0,1.0,23800.0,1.0,23900.0,1.0,24000.0,1.0,24100.0,1.0,24200.0,1.0,24300.0,1.0,24400.0,1.0,24500.0,1.0
000629.SZ,2020-08-07,09:30:58,23400.0,46400.0,1090400000.0,23400.0,1.0,23300.0,1.0,23200.0,1.0,23100.0,1,23000.0,1.0,22900.0,1.0,22800.0,1.0,22700.0,1.0,22600.0,1.0,22500.0,1.0,23500.0,0.01,23600.0,1.0,23700.0,1.0,23800.0,1.0,23900.0,1.0,24000.0,1.0,24100.0,1.0,24200.0,1.0,24300.0,1.0,24400.0,1.0
000629.SZ,2020-08-07,09:30:59,23500.0,14500.0,340518000.0,23400.0,1.0,23300.0,1.0,23200.0,1.0,23100.0,1,23000.0,1.0,22900.0,1.0,22800.0,1.0,22700.0,1.0,22600.0,1.0,22500.0,1.0,23500.0,0.02,23600.0,1.0,23700.0,1.0,23800.0,1.0,23900.0,1.0,24000.0,1.0,24100.0,1.0,24200.0,1.0,24300.0,1.0,24400.0,1.0
000629.SZ,2020-08-07,09:31:00,23500.0,0.0,0.0,23400.0,1.0,23300.0,1.0,23200.0,1.0,23100.0,1,23000.0,1.0,22900.0,1.0,22800.0,1.0,22700.0,1.0,22600.0,1.0,22500.0,1.0,23500.0,1.0,23600.0,1.0,23700.0,1.0,23800.0,1.0,23900.0,1.0,24000.0,1.0,24100.0,1.0,24200.0,1.0,24300.0,1.0,24400.0,1.0
000629.SZ,2020-08-07,09:31:01,23500.0,1000.0,23500000.0,23400.0,1.0,23300.0,1.0,23200.0,1.0,23100.0,1,23000.0,1.0,22900.0,1.0,22800.0,1.0,22700.0,1.0,22600.0,1.0,22500.0,1.0,23500.0,1.0,23600.0,1.0,23700.0,1.0,23800.0,1.0,23900.0,1.0,24000.0,1.0,24100.0,1.0,24200.0,1.0,24300.0,1.0,24400.0,1.0
000629.SZ,2020-08-07,09:31:02,23500.0,1000.0,23500000.0,23400.0,1.0,23300.0,1.0,23200.0,1.0,23100.0,1,23000.0,1.0,22900.0,1.0,22800.0,1.0,22700.0,1.0,22600.0,1.0,22500.0,1.0,23500.0,1.0,23600.0,1.0,23700.0,1.0,23800.0,1.0,23900.0,1.0,24000.0,1.0,24100.0,1.0,24200.0,1.0,24300.0,1.0,24400.0,1.0
000629.SZ,2020-08-07,09:31:03,23500.0,1000.0,23400000.0,23400.0,1.0,23300.0,1.0,23200.0,1.0,23100.0,1,23000.0,1.0,22900.0,1.0,22800.0,1.0,22700.0,1.0,22600.0,1.0,22500.0,1.0,23500.0,1.0,23600.0,1.0,23700.0,1.0,23800.0,1.0,23900.0,1.0,24000.0,1.0,24100.0,1.0,24200.0,1.0,24300.0,1.0,24400.0,1.0
000629.SZ,2020-08-07,09:31:04,23400.0,163600.0,3828240000.0,23400.0,1.0,23300.0,1.0,23200.0,1.0,23100.0,1,23000.0,1.0,22900.0,1.0,22800.0,1.0,22700.0,1.0,22600.0,1.0,22500.0,1.0,23500.0,1.0,23600.0,1.0,23700.0,1.0,23800.0,1.0,23900.0,1.0,24000.0,1.0,24100.0,1.0,24200.0,1.0,24300.0,1.0,24400.0,1.0
000629.SZ,2020-08-07,09:31:05,23400.0,22200.0,521478000.0,23400.0,0.98,23300.0,1.0,23200.0,1.0,23100.0,1,23000.0,1.0,22900.0,1.0,22800.0,1.0,22700.0,1.0,22600.0,1.0,22500.0,1.0,23500.0,1.0,23600.0,1.0,23700.0,1.0,23800.0,1.0,23900.0,1.0,24000.0,1.0,24100.0,1.0,24200.0,1.0,24300.0,1.0,24400.0,1.0
000629.SZ,2020-08-07,09:31:06,23400.0,0.0,0.0,23400.0,0.98,23300.0,1.0,23200.0,1.0,23100.0,1,23000.0,1.0,22900.0,1.0,22800.0,1.0,22700.0,1.0,22600.0,1.0,22500.0,1.0,23500.0,1.0,23600.0,1.0,23700.0,1.0,23800.0,1.0,23900.0,1.0,24000.0,1.0,24100.0,1.0,24200.0,1.0,24300.0,1.0,24400.0,1.0
000629.SZ,2020-08-07,09:31:07,23400.0,5500.0,128700000.0,23400.0,0.96,23300.0,1.0,23200.0,1.0,23100.0,1,23000.0,1.0,22900.0,1.0,22800.0,1.0,22700.0,1.0,22600.0,1.0,22500.0,1.0,23500.0,1.0,23600.0,1.0,23700.0,1.0,23800.0,1.0,23900.0,1.0,24000.0,1.0,24100.0,1.0,24200.0,1.0,24300.0,1.0,24400.0,1.0
000629.SZ,2020-08-07,09:31:08,23400.0,39300.0,922056600.0,23400.0,0.82,23300.0,1.0,23200.0,1.0,23100.0,1,23000.0,1.0,22900.0,1.0,22800.0,1.0,22700.0,1.0,22600.0,1.0,22500.0,1.0,23500.0,1.0,23600.0,1.0,23700.0,1.0,23800.0,1.0,23900.0,1.0,24000.0,1.0,24100.0,1.0,24200.0,1.0,24300.0,1.0,24400.0,1.0
000629.SZ,2020-08-07,09:31:09,23400.0,12900.0,301872900.0,23400.0,1.0,23300.0,1.0,23200.0,1.0,23100.0,1,23000.0,1.0,22900.0,1.0,22800.0,1.0,22700.0,1.0,22600.0,1.0,22500.0,1.0,23500.0,1.0,23600.0,1.0,23700.0,1.0,23800.0,1.0,23900.0,1.0,24000.0,1.0,24100.0,1.0,24200.0,1.0,24300.0,1.0,24400.0,1.0
000629.SZ,2020-08-07,09:31:10,23500.0,127100.0,2974140000.0,23400.0,0.1,23300.0,1.0,23200.0,1.0,23100.0,1,23000.0,1.0,22900.0,1.0,22800.0,1.0,22700.0,1.0,22600.0,1.0,22500.0,1.0,23500.0,1.0,23600.0,1.0,23700.0,1.0,23800.0,1.0,23900.0,1.0,24000.0,1.0,24100.0,1.0,24200.0,1.0,24300.0,1.0,24400.0,1.0
000629.SZ,2020-08-07,09:31:11,23400.0,6200.0,145080000.0,23400.0,0.1,23300.0,1.0,23200.0,1.0,23100.0,1,23000.0,1.0,22900.0,1.0,22800.0,1.0,22700.0,1.0,22600.0,1.0,22500.0,1.0,23500.0,1.0,23600.0,1.0,23700.0,1.0,23800.0,1.0,23900.0,1.0,24000.0,1.0,24100.0,1.0,24200.0,1.0,24300.0,1.0,24400.0,1.0
000629.SZ,2020-08-07,09:31:12,23400.0,30700.0,718380000.0,23400.0,0.14,23300.0,1.0,23200.0,1.0,23100.0,1,23000.0,1.0,22900.0,1.0,22800.0,1.0,22700.0,1.0,22600.0,1.0,22500.0,1.0,23500.0,1.0,23600.0,1.0,23700.0,1.0,23800.0,1.0,23900.0,1.0,24000.0,1.0,24100.0,1.0,24200.0,1.0,24300.0,1.0,24400.0,1.0
000629.SZ,2020-08-07,09:31:13,23400.0,9200.0,215280000.0,23400.0,0.24,23300.0,1.0,23200.0,1.0,23100.0,1,23000.0,1.0,22900.0,1.0,22800.0,1.0,22700.0,1.0,22600.0,1.0,22500.0,1.0,23500.0,1.0,23600.0,1.0,23700.0,1.0,23800.0,1.0,23900.0,1.0,24000.0,1.0,24100.0,1.0,24200.0,1.0,24300.0,1.0,24400.0,1.0
000629.SZ,2020-08-07,09:31:14,23400.0,0.0,0.0,23400.0,0.26,23300.0,1.0,23200.0,1.0,23100.0,1,23000.0,1.0,22900.0,1.0,22800.0,1.0,22700.0,1.0,22600.0,1.0,22500.0,1.0,23500.0,1.0,23600.0,1.0,23700.0,1.0,23800.0,1.0,23900.0,1.0,24000.0,1.0,24100.0,1.0,24200.0,1.0,24300.0,1.0,24400.0,1.0
000629.SZ,2020-08-07,09:31:15,23400.0,0.0,0.0,23400.0,0.45,23300.0,1.0,23200.0,1.0,23100.0,1,23000.0,1.0,22900.0,1.0,22800.0,1.0,22700.0,1.0,22600.0,1.0,22500.0,1.0,23500.0,1.0,23600.0,1.0,23700.0,1.0,23800.0,1.0,23900.0,1.0,24000.0,1.0,24100.0,1.0,24200.0,1.0,24300.0,1.0,24400.0,1.0
000629.SZ,2020-08-07,09:31:16,23400.0,16700.0,390780000.0,23400.0,0.34,23300.0,1.0,23200.0,1.0,23100.0,1,23000.0,1.0,22900.0,1.0,22800.0,1.0,22700.0,1.0,22600.0,1.0,22500.0,1.0,23500.0,1.0,23600.0,1.0,23700.0,1.0,23800.0,1.0,23900.0,1.0,24000.0,1.0,24100.0,1.0,24200.0,1.0,24300.0,1.0,24400.0,1.0
000629.SZ,2020-08-07,09:31:17,23400.0,3700.0,86580000.0,23400.0,0.32,23300.0,1.0,23200.0,1.0,23100.0,1,23000.0,1.0,22900.0,1.0,22800.0,1.0,22700.0,1.0,22600.0,1.0,22500.0,1.0,23500.0,1.0,23600.0,1.0,23700.0,1.0,23800.0,1.0,23900.0,1.0,24000.0,1.0,24100.0,1.0,24200.0,1.0,24300.0,1.0,24400.0,1.0
000629.SZ,2020-08-07,09:31:18,23400.0,25800.0,603720000.0,23400.0,0.1,23300.0,1.0,23200.0,1.0,23100.0,1,23000.0,1.0,22900.0,1.0,22800.0,1.0,22700.0,1.0,22600.0,1.0,22500.0,1.0,23500.0,1.0,23600.0,1.0,23700.0,1.0,23800.0,1.0,23900.0,1.0,24000.0,1.0,24100.0,1.0,24200.0,1.0,24300.0,1.0,24400.0,1.0
000629.SZ,2020-08-07,09:31:19,23400.0,9200.0,215280000.0,23400.0,0.14,23300.0,1.0,23200.0,1.0,23100.0,1,23000.0,1.0,22900.0,1.0,22800.0,1.0,22700.0,1.0,22600.0,1.0,22500.0,1.0,23500.0,1.0,23600.0,1.0,23700.0,1.0,23800.0,1.0,23900.0,1.0,24000.0,1.0,24100.0,1.0,24200.0,1.0,24300.0,1.0,24400.0,1.0
000629.SZ,2020-08-07,09:31:20,23400.0,4500.0,105300000.0,23400.0,0.11,23300.0,1.0,23200.0,1.0,23100.0,1,23000.0,1.0,22900.0,1.0,22800.0,1.0,22700.0,1.0,22600.0,1.0,22500.0,1.0,23500.0,1.0,23600.0,1.0,23700.0,1.0,23800.0,1.0,23900.0,1.0,24000.0,1.0,24100.0,1.0,24200.0,1.0,24300.0,1.0,24400.0,1.0
000629.SZ,2020-08-07,09:31:21,23400.0,2800.0,65287600.0,23300.0,1.0,23200.0,1.0,23100.0,1.0,23000.0,1,22900.0,1.0,22800.0,1.0,22700.0,1.0,22600.0,1.0,22500.0,1.0,22400.0,0.26,23500.0,1.0,23600.0,1.0,23700.0,1.0,23800.0,1.0,23900.0,1.0,24000.0,1.0,24100.0,1.0,24200.0,1.0,24300.0,1.0,24400.0,1.0
000629.SZ,2020-08-07,09:31:22,23300.0,36000.0,842976000.0,23300.0,1.0,23200.0,1.0,23100.0,1.0,23000.0,1,22900.0,1.0,22800.0,1.0,22700.0,1.0,22600.0,1.0,22500.0,1.0,22400.0,0.26,23500.0,1.0,23600.0,1.0,23700.0,1.0,23800.0,1.0,23900.0,1.0,24000.0,1.0,24100.0,1.0,24200.0,1.0,24300.0,1.0,24400.0,1.0
000629.SZ,2020-08-07,09:31:23,23400.0,11200.0,261553600.0,23300.0,1.0,23200.0,1.0,23100.0,1.0,23000.0,1,22900.0,1.0,22800.0,1.0,22700.0,1.0,22600.0,1.0,22500.0,1.0,22400.0,0.26,23400.0,0.13,23500.0,1.0,23600.0,1.0,23700.0,1.0,23800.0,1.0,23900.0,1.0,24000.0,1.0,24100.0,1.0,24200.0,1.0,24300.0,1.0
000629.SZ,2020-08-07,09:31:24,23300.0,26600.0,621934600.0,23300.0,1.0,23200.0,1.0,23100.0,1.0,23000.0,1,22900.0,1.0,22800.0,1.0,22700.0,1.0,22600.0,1.0,22500.0,1.0,22400.0,0.26,23500.0,1.0,23600.0,1.0,23700.0,1.0,23800.0,1.0,23900.0,1.0,24000.0,1.0,24100.0,1.0,24200.0,1.0,24300.0,1.0,24400.0,1.0
000629.SZ,2020-08-07,09:31:25,23300.0,62200.0,1455480000.0,23300.0,1.0,23200.0,1.0,23100.0,1.0,23000.0,1,22900.0,1.0,22800.0,1.0,22700.0,1.0,22600.0,1.0,22500.0,1.0,22400.0,0.26,23400.0,0.1,23500.0,1.0,23600.0,1.0,23700.0,1.0,23800.0,1.0,23900.0,1.0,24000.0,1.0,24100.0,1.0,24200.0,1.0,24300.0,1.0
000629.SZ,2020-08-07,09:31:26,23400.0,11100.0,259740000.0,23400.0,0.05,23300.0,1.0,23200.0,1.0,23100.0,1,23000.0,1.0,22900.0,1.0,22800.0,1.0,22700.0,1.0,22600.0,1.0,22500.0,1.0,23500.0,1.0,23600.0,1.0,23700.0,1.0,23800.0,1.0,23900.0,1.0,24000.0,1.0,24100.0,1.0,24200.0,1.0,24300.0,1.0,24400.0,1.0
000629.SZ,2020-08-07,09:31:27,23400.0,1000.0,23400000.0,23400.0,0.94,23300.0,1.0,23200.0,1.0,23100.0,1,23000.0,1.0,22900.0,1.0,22800.0,1.0,22700.0,1.0,22600.0,1.0,22500.0,1.0,23500.0,1.0,23600.0,1.0,23700.0,1.0,23800.0,1.0,23900.0,1.0,24000.0,1.0,24100.0,1.0,24200.0,1.0,24300.0,1.0,24400.0,1.0
000629.SZ,2020-08-07,09:31:28,23400.0,32300.0,755820000.0,23400.0,0.65,23300.0,1.0,23200.0,1.0,23100.0,1,23000.0,1.0,22900.0,1.0,22800.0,1.0,22700.0,1.0,22600.0,1.0,22500.0,1.0,23500.0,1.0,23600.0,1.0,23700.0,1.0,23800.0,1.0,23900.0,1.0,24000.0,1.0,24100.0,1.0,24200.0,1.0,24300.0,1.0,24400.0,1.0
000629.SZ,2020-08-07,09:31:29,23400.0,57100.0,1336140000.0,23400.0,0.14,23300.0,1.0,23200.0,1.0,23100.0,1,23000.0,1.0,22900.0,1.0,22800.0,1.0,22700.0,1.0,22600.0,1.0,22500.0,1.0,23500.0,1.0,23600.0,1.0,23700.0,1.0,23800.0,1.0,23900.0,1.0,24000.0,1.0,24100.0,1.0,24200.0,1.0,24300.0,1.0,24400.0,1.0
000629.SZ,2020-08-07,09:31:30,23400.0,3700.0,86580000.0,23400.0,0.1,23300.0,1.0,23200.0,1.0,23100.0,1,23000.0,1.0,22900.0,1.0,22800.0,1.0,22700.0,1.0,22600.0,1.0,22500.0,1.0,23500.0,1.0,23600.0,1.0,23700.0,1.0,23800.0,1.0,23900.0,1.0,24000.0,1.0,24100.0,1.0,24200.0,1.0,24300.0,1.0,24400.0,1.0
000629.SZ,2020-08-07,09:31:31,23400.0,0.0,0.0,23400.0,0.1,23300.0,1.0,23200.0,1.0,23100.0,1,23000.0,1.0,22900.0,1.0,22800.0,1.0,22700.0,1.0,22600.0,1.0,22500.0,1.0,23500.0,1.0,23600.0,1.0,23700.0,1.0,23800.0,1.0,23900.0,1.0,24000.0,1.0,24100.0,1.0,24200.0,1.0,24300.0,1.0,24400.0,1.0
000629.SZ,2020-08-07,09:31:32,23400.0,100.0,2340000.0,23400.0,0.13,23300.0,1.0,23200.0,1.0,23100.0,1,23000.0,1.0,22900.0,1.0,22800.0,1.0,22700.0,1.0,22600.0,1.0,22500.0,1.0,23500.0,1.0,23600.0,1.0,23700.0,1.0,23800.0,1.0,23900.0,1.0,24000.0,1.0,24100.0,1.0,24200.0,1.0,24300.0,1.0,24400.0,1.0
000629.SZ,2020-08-07,09:31:33,23400.0,2000.0,46800000.0,23400.0,0.11,23300.0,1.0,23200.0,1.0,23100.0,1,23000.0,1.0,22900.0,1.0,22800.0,1.0,22700.0,1.0,22600.0,1.0,22500.0,1.0,23500.0,1.0,23600.0,1.0,23700.0,1.0,23800.0,1.0,23900.0,1.0,24000.0,1.0,24100.0,1.0,24200.0,1.0,24300.0,1.0,24400.0,1.0
000629.SZ,2020-08-07,09:31:34,23400.0,0.0,0.0,23400.0,0.16,23300.0,1.0,23200.0,1.0,23100.0,1,23000.0,1.0,22900.0,1.0,22800.0,1.0,22700.0,1.0,22600.0,1.0,22500.0,1.0,23500.0,1.0,23600.0,1.0,23700.0,1.0,23800.0,1.0,23900.0,1.0,24000.0,1.0,24100.0,1.0,24200.0,1.0,24300.0,1.0,24400.0,1.0
000629.SZ,2020-08-07,09:31:35,23400.0,0.0,0.0,23400.0,0.16,23300.0,1.0,23200.0,1.0,23100.0,1,23000.0,1.0,22900.0,1.0,22800.0,1.0,22700.0,1.0,22600.0,1.0,22500.0,1.0,23500.0,1.0,23600.0,1.0,23700.0,1.0,23800.0,1.0,23900.0,1.0,24000.0,1.0,24100.0,1.0,24200.0,1.0,24300.0,1.0,24400.0,1.0
000629.SZ,2020-08-07,09:31:36,23400.0,17900.0,418860000.0,23300.0,1.0,23200.0,1.0,23100.0,1.0,23000.0,1,22900.0,1.0,22800.0,1.0,22700.0,1.0,22600.0,1.0,22500.0,1.0,22400.0,0.26,23400.0,0.15,23500.0,1.0,23600.0,1.0,23700.0,1.0,23800.0,1.0,23900.0,1.0,24000.0,1.0,24100.0,1.0,24200.0,1.0,24300.0,1.0
000629.SZ,2020-08-07,09:31:37,23400.0,22700.0,531180000.0,23400.0,0.45,23300.0,1.0,23200.0,1.0,23100.0,1,23000.0,1.0,22900.0,1.0,22800.0,1.0,22700.0,1.0,22600.0,1.0,22500.0,1.0,23500.0,1.0,23600.0,1.0,23700.0,1.0,23800.0,1.0,23900.0,1.0,24000.0,1.0,24100.0,1.0,24200.0,1.0,24300.0,1.0,24400.0,1.0
000629.SZ,2020-08-07,09:31:38,23400.0,11600.0,271440000.0,23400.0,0.61,23300.0,1.0,23200.0,1.0,23100.0,1,23000.0,1.0,22900.0,1.0,22800.0,1.0,22700.0,1.0,22600.0,1.0,22500.0,1.0,23500.0,1.0,23600.0,1.0,23700.0,1.0,23800.0,1.0,23900.0,1.0,24000.0,1.0,24100.0,1.0,24200.0,1.0,24300.0,1.0,24400.0,1.0
000629.SZ,2020-08-07,09:31:39,23400.0,45600.0,1067040000.0,23400.0,1.0,23300.0,1.0,23200.0,1.0,23100.0,1,23000.0,1.0,22900.0,1.0,22800.0,1.0,22700.0,1.0,22600.0,1.0,22500.0,1.0,23500.0,1.0,23600.0,1.0,23700.0,1.0,23800.0,1.0,23900.0,1.0,24000.0,1.0,24100.0,1.0,24200.0,1.0,24300.0,1.0,24400.0,1.0
000629.SZ,2020-08-07,09:31:40,23400.0,0.0,0.0,23400.0,1.0,23300.0,1.0,23200.0,1.0,23100.0,1,23000.0,1.0,22900.0,1.0,22800.0,1.0,22700.0,1.0,22600.0,1.0,22500.0,1.0,23500.0,1.0,23600.0,1.0,23700.0,1.0,23800.0,1.0,23900.0,1.0,24000.0,1.0,24100.0,1.0,24200.0,1.0,24300.0,1.0,24400.0,1.0
000629.SZ,2020-08-07,09:31:41,23400.0,9900.0,231858000.0,23400.0,1.0,23300.0,1.0,23200.0,1.0,23100.0,1,23000.0,1.0,22900.0,1.0,22800.0,1.0,22700.0,1.0,22600.0,1.0,22500.0,1.0,23500.0,1.0,23600.0,1.0,23700.0,1.0,23800.0,1.0,23900.0,1.0,24000.0,1.0,24100.0,1.0,24200.0,1.0,24300.0,1.0,24400.0,1.0
000629.SZ,2020-08-07,09:31:42,23500.0,20700.0,484380000.0,23400.0,1.0,23300.0,1.0,23200.0,1.0,23100.0,1,23000.0,1.0,22900.0,1.0,22800.0,1.0,22700.0,1.0,22600.0,1.0,22500.0,1.0,23500.0,1.0,23600.0,1.0,23700.0,1.0,23800.0,1.0,23900.0,1.0,24000.0,1.0,24100.0,1.0,24200.0,1.0,24300.0,1.0,24400.0,1.0
000629.SZ,2020-08-07,09:31:43,23400.0,0.0,0.0,23400.0,1.0,23300.0,1.0,23200.0,1.0,23100.0,1,23000.0,1.0,22900.0,1.0,22800.0,1.0,22700.0,1.0,22600.0,1.0,22500.0,1.0,23500.0,1.0,23600.0,1.0,23700.0,1.0,23800.0,1.0,23900.0,1.0,24000.0,1.0,24100.0,1.0,24200.0,1.0,24300.0,1.0,24400.0,1.0
000629.SZ,2020-08-07,09:31:44,23400.0,1400.0,32859400.0,23400.0,1.0,23300.0,1.0,23200.0,1.0,23100.0,1,23000.0,1.0,22900.0,1.0,22800.0,1.0,22700.0,1.0,22600.0,1.0,22500.0,1.0,23500.0,1.0,23600.0,1.0,23700.0,1.0,23800.0,1.0,23900.0,1.0,24000.0,1.0,24100.0,1.0,24200.0,1.0,24300.0,1.0,24400.0,1.0
000629.SZ,2020-08-07,09:31:45,23500.0,2000.0,46800000.0,23400.0,1.0,23300.0,1.0,23200.0,1.0,23100.0,1,23000.0,1.0,22900.0,1.0,22800.0,1.0,22700.0,1.0,22600.0,1.0,22500.0,1.0,23500.0,1.0,23600.0,1.0,23700.0,1.0,23800.0,1.0,23900.0,1.0,24000.0,1.0,24100.0,1.0,24200.0,1.0,24300.0,1.0,24400.0,1.0
000629.SZ,2020-08-07,09:31:46,23400.0,30000.0,702000000.0,23400.0,1.0,23300.0,1.0,23200.0,1.0,23100.0,1,23000.0,1.0,22900.0,1.0,22800.0,1.0,22700.0,1.0,22600.0,1.0,22500.0,1.0,23500.0,1.0,23600.0,1.0,23700.0,1.0,23800.0,1.0,23900.0,1.0,24000.0,1.0,24100.0,1.0,24200.0,1.0,24300.0,1.0,24400.0,1.0
000629.SZ,2020-08-07,09:31:47,23400.0,100.0,2340000.0,23400.0,1.0,23300.0,1.0,23200.0,1.0,23100.0,1,23000.0,1.0,22900.0,1.0,22800.0,1.0,22700.0,1.0,22600.0,1.0,22500.0,1.0,23500.0,1.0,23600.0,1.0,23700.0,1.0,23800.0,1.0,23900.0,1.0,24000.0,1.0,24100.0,1.0,24200.0,1.0,24300.0,1.0,24400.0,1.0
000629.SZ,2020-08-07,09:31:48,23400.0,700.0,16380000.0,23400.0,1.0,23300.0,1.0,23200.0,1.0,23100.0,1,23000.0,1.0,22900.0,1.0,22800.0,1.0,22700.0,1.0,22600.0,1.0,22500.0,1.0,23500.0,1.0,23600.0,1.0,23700.0,1.0,23800.0,1.0,23900.0,1.0,24000.0,1.0,24100.0,1.0,24200.0,1.0,24300.0,1.0,24400.0,1.0
000629.SZ,2020-08-07,09:31:49,23400.0,13800.0,322920000.0,23400.0,1.0,23300.0,1.0,23200.0,1.0,23100.0,1,23000.0,1.0,22900.0,1.0,22800.0,1.0,22700.0,1.0,22600.0,1.0,22500.0,1.0,23500.0,1.0,23600.0,1.0,23700.0,1.0,23800.0,1.0,23900.0,1.0,24000.0,1.0,24100.0,1.0,24200.0,1.0,24300.0,1.0,24400.0,1.0
000629.SZ,2020-08-07,09:31:50,23400.0,2000.0,46800000.0,23400.0,1.0,23300.0,1.0,23200.0,1.0,23100.0,1,23000.0,1.0,22900.0,1.0,22800.0,1.0,22700.0,1.0,22600.0,1.0,22500.0,1.0,23500.0,1.0,23600.0,1.0,23700.0,1.0,23800.0,1.0,23900.0,1.0,24000.0,1.0,24100.0,1.0,24200.0,1.0,24300.0,1.0,24400.0,1.0
000629.SZ,2020-08-07,09:31:51,23400.0,800.0,18720000.0,23400.0,1.0,23300.0,1.0,23200.0,1.0,23100.0,1,23000.0,1.0,22900.0,1.0,22800.0,1.0,22700.0,1.0,22600.0,1.0,22500.0,1.0,23500.0,1.0,23600.0,1.0,23700.0,1.0,23800.0,1.0,23900.0,1.0,24000.0,1.0,24100.0,1.0,24200.0,1.0,24300.0,1.0,24400.0,1.0
000629.SZ,2020-08-07,09:31:52,23400.0,100.0,2340000.0,23400.0,1.0,23300.0,1.0,23200.0,1.0,23100.0,1,23000.0,1.0,22900.0,1.0,22800.0,1.0,22700.0,1.0,22600.0,1.0,22500.0,1.0,23500.0,1.0,23600.0,1.0,23700.0,1.0,23800.0,1.0,23900.0,1.0,24000.0,1.0,24100.0,1.0,24200.0,1.0,24300.0,1.0,24400.0,1.0
000629.SZ,2020-08-07,09:31:53,23400.0,200.0,4700000.0,23400.0,1.0,23300.0,1.0,23200.0,1.0,23100.0,1,23000.0,1.0,22900.0,1.0,22800.0,1.0,22700.0,1.0,22600.0,1.0,22500.0,1.0,23500.0,1.0,23600.0,1.0,23700.0,1.0,23800.0,1.0,23900.0,1.0,24000.0,1.0,24100.0,1.0,24200.0,1.0,24300.0,1.0,24400.0,1.0
000629.SZ,2020-08-07,09:31:54,23500.0,203500.0,4761900000.0,23300.0,1.0,23200.0,1.0,23100.0,1.0,23000.0,1,22900.0,1.0,22800.0,1.0,22700.0,1.0,22600.0,1.0,22500.0,1.0,22400.0,0.26,23400.0,1.0,23500.0,1.0,23600.0,1.0,23700.0,1.0,23800.0,1.0,23900.0,1.0,24000.0,1.0,24100.0,1.0,24200.0,1.0,24300.0,1.0
000629.SZ,2020-08-07,09:31:55,23400.0,125100.0,2927340000.0,23300.0,1.0,23200.0,1.0,23100.0,1.0,23000.0,1,22900.0,1.0,22800.0,1.0,22700.0,1.0,22600.0,1.0,22500.0,1.0,22400.0,0.26,23400.0,0.52,23500.0,1.0,23600.0,1.0,23700.0,1.0,23800.0,1.0,23900.0,1.0,24000.0,1.0,24100.0,1.0,24200.0,1.0,24300.0,1.0
000629.SZ,2020-08-07,09:31:56,23400.0,207800.0,4862520000.0,23400.0,0.28,23300.0,1.0,23200.0,1.0,23100.0,1,23000.0,1.0,22900.0,1.0,22800.0,1.0,22700.0,1.0,22600.0,1.0,22500.0,1.0,23500.0,1.0,23600.0,1.0,23700.0,1.0,23800.0,1.0,23900.0,1.0,24000.0,1.0,24100.0,1.0,24200.0,1.0,24300.0,1.0,24400.0,1.0
000629.SZ,2020-08-07,09:31:57,23400.0,0.0,0.0,23400.0,0.28,23300.0,1.0,23200.0,1.0,23100.0,1,23000.0,1.0,22900.0,1.0,22800.0,1.0,22700.0,1.0,22600.0,1.0,22500.0,1.0,23500.0,1.0,23600.0,1.0,23700.0,1.0,23800.0,1.0,23900.0,1.0,24000.0,1.0,24100.0,1.0,24200.0,1.0,24300.0,1.0,24400.0,1.0
000629.SZ,2020-08-07,09:31:58,23400.0,12900.0,301860000.0,23400.0,0.24,23300.0,1.0,23200.0,1.0,23100.0,1,23000.0,1.0,22900.0,1.0,22800.0,1.0,22700.0,1.0,22600.0,1.0,22500.0,1.0,23500.0,1.0,23600.0,1.0,23700.0,1.0,23800.0,1.0,23900.0,1.0,24000.0,1.0,24100.0,1.0,24200.0,1.0,24300.0,1.0,24400.0,1.0
000629.SZ,2020-08-07,09:31:59,23400.0,200.0,4680000.0,23400.0,0.35,23300.0,1.0,23200.0,1.0,23100.0,1,23000.0,1.0,22900.0,1.0,22800.0,1.0,22700.0,1.0,22600.0,1.0,22500.0,1.0,23500.0,1.0,23600.0,1.0,23700.0,1.0,23800.0,1.0,23900.0,1.0,24000.0,1.0,24100.0,1.0,24200.0,1.0,24300.0,1.0,24400.0,1.0
000629.SZ,2020-08-07,09:32:00,23400.0,0.0,0.0,23400.0,0.35,23300.0,1.0,23200.0,1.0,23100.0,1,23000.0,1.0,22900.0,1.0,22800.0,1.0,22700.0,1.0,22600.0,1.0,22500.0,1.0,23500.0,1.0,23600.0,1.0,23700.0,1.0,23800.0,1.0,23900.0,1.0,24000.0,1.0,24100.0,1.0,24200.0,1.0,24300.0,1.0,24400.0,1.0
000629.SZ,2020-08-07,09:32:01,23400.0,20500.0,479700000.0,23400.0,0.42,23300.0,1.0,23200.0,1.0,23100.0,1,23000.0,1.0,22900.0,1.0,22800.0,1.0,22700.0,1.0,22600.0,1.0,22500.0,1.0,23500.0,1.0,23600.0,1.0,23700.0,1.0,23800.0,1.0,23900.0,1.0,24000.0,1.0,24100.0,1.0,24200.0,1.0,24300.0,1.0,24400.0,1.0
000629.SZ,2020-08-07,09:32:02,23400.0,46900.0,1097460000.0,23300.0,1.0,23200.0,1.0,23100.0,1.0,23000.0,1,22900.0,1.0,22800.0,1.0,22700.0,1.0,22600.0,1.0,22500.0,1.0,22400.0,0.26,23400.0,0.01,23500.0,1.0,23600.0,1.0,23700.0,1.0,23800.0,1.0,23900.0,1.0,24000.0,1.0,24100.0,1.0,24200.0,1.0,24300.0,1.0
000629.SZ,2020-08-07,09:32:03,23400.0,1100.0,25740000.0,23400.0,0.01,23300.0,1.0,23200.0,1.0,23100.0,1,23000.0,1.0,22900.0,1.0,22800.0,1.0,22700.0,1.0,22600.0,1.0,22500.0,1.0,23500.0,1.0,23600.0,1.0,23700.0,1.0,23800.0,1.0,23900.0,1.0,24000.0,1.0,24100.0,1.0,24200.0,1.0,24300.0,1.0,24400.0,1.0
000629.SZ,2020-08-07,09:32:04,23400.0,5700.0,133380000.0,23400.0,0.03,23300.0,1.0,23200.0,1.0,23100.0,1,23000.0,1.0,22900.0,1.0,22800.0,1.0,22700.0,1.0,22600.0,1.0,22500.0,1.0,23500.0,1.0,23600.0,1.0,23700.0,1.0,23800.0,1.0,23900.0,1.0,24000.0,1.0,24100.0,1.0,24200.0,1.0,24300.0,1.0,24400.0,1.0
000629.SZ,2020-08-07,09:32:05,23400.0,2600.0,60840000.0,23400.0,0.01,23300.0,1.0,23200.0,1.0,23100.0,1,23000.0,1.0,22900.0,1.0,22800.0,1.0,22700.0,1.0,22600.0,1.0,22500.0,1.0,23500.0,1.0,23600.0,1.0,23700.0,1.0,23800.0,1.0,23900.0,1.0,24000.0,1.0,24100.0,1.0,24200.0,1.0,24300.0,1.0,24400.0,1.0
000629.SZ,2020-08-07,09:32:06,23400.0,0.0,0.0,23400.0,0.01,23300.0,1.0,23200.0,1.0,23100.0,1,23000.0,1.0,22900.0,1.0,22800.0,1.0,22700.0,1.0,22600.0,1.0,22500.0,1.0,23500.0,1.0,23600.0,1.0,23700.0,1.0,23800.0,1.0,23900.0,1.0,24000.0,1.0,24100.0,1.0,24200.0,1.0,24300.0,1.0,24400.0,1.0
000629.SZ,2020-08-07,09:32:07,23400.0,0.0,0.0,23400.0,0.14,23300.0,1.0,23200.0,1.0,23100.0,1,23000.0,1.0,22900.0,1.0,22800.0,1.0,22700.0,1.0,22600.0,1.0,22500.0,1.0,23500.0,1.0,23600.0,1.0,23700.0,1.0,23800.0,1.0,23900.0,1.0,24000.0,1.0,24100.0,1.0,24200.0,1.0,24300.0,1.0,24400.0,1.0
000629.SZ,2020-08-07,09:32:08,23400.0,2200.0,51480000.0,23400.0,0.21,23300.0,1.0,23200.0,1.0,23100.0,1,23000.0,1.0,22900.0,1.0,22800.0,1.0,22700.0,1.0,22600.0,1.0,22500.0,1.0,23500.0,1.0,23600.0,1.0,23700.0,1.0,23800.0,1.0,23900.0,1.0,24000.0,1.0,24100.0,1.0,24200.0,1.0,24300.0,1.0,24400.0,1.0
000629.SZ,2020-08-07,09:32:09,23400.0,24800.0,580320000.0,23300.0,1.0,23200.0,1.0,23100.0,1.0,23000.0,1,22900.0,1.0,22800.0,1.0,22700.0,1.0,22600.0,1.0,22500.0,1.0,22400.0,0.26,23400.0,0.12,23500.0,1.0,23600.0,1.0,23700.0,1.0,23800.0,1.0,23900.0,1.0,24000.0,1.0,24100.0,1.0,24200.0,1.0,24300.0,1.0
000629.SZ,2020-08-07,09:32:10,23400.0,22900.0,536753100.0,23400.0,0.01,23300.0,1.0,23200.0,1.0,23100.0,1,23000.0,1.0,22900.0,1.0,22800.0,1.0,22700.0,1.0,22600.0,1.0,22500.0,1.0,23500.0,1.0,23600.0,1.0,23700.0,1.0,23800.0,1.0,23900.0,1.0,24000.0,1.0,24100.0,1.0,24200.0,1.0,24300.0,1.0,24400.0,1.0
000629.SZ,2020-08-07,09:32:11,23500.0,0.0,0.0,23400.0,1.0,23300.0,1.0,23200.0,1.0,23100.0,1,23000.0,1.0,22900.0,1.0,22800.0,1.0,22700.0,1.0,22600.0,1.0,22500.0,1.0,23500.0,1.0,23600.0,1.0,23700.0,1.0,23800.0,1.0,23900.0,1.0,24000.0,1.0,24100.0,1.0,24200.0,1.0,24300.0,1.0,24400.0,1.0
000629.SZ,2020-08-07,09:32:12,23500.0,92700.0,2171404800.0,23400.0,0.64,23300.0,1.0,23200.0,1.0,23100.0,1,23000.0,1.0,22900.0,1.0,22800.0,1.0,22700.0,1.0,22600.0,1.0,22500.0,1.0,23500.0,1.0,23600.0,1.0,23700.0,1.0,23800.0,1.0,23900.0,1.0,24000.0,1.0,24100.0,1.0,24200.0,1.0,24300.0,1.0,24400.0,1.0
000629.SZ,2020-08-07,09:32:13,23400.0,1000.0,23500000.0,23400.0,0.69,23300.0,1.0,23200.0,1.0,23100.0,1,23000.0,1.0,22900.0,1.0,22800.0,1.0,22700.0,1.0,22600.0,1.0,22500.0,1.0,23500.0,1.0,23600.0,1.0,23700.0,1.0,23800.0,1.0,23900.0,1.0,24000.0,1.0,24100.0,1.0,24200.0,1.0,24300.0,1.0,24400.0,1.0
000629.SZ,2020-08-07,09:32:14,23500.0,0.0,0.0,23400.0,0.69,23300.0,1.0,23200.0,1.0,23100.0,1,23000.0,1.0,22900.0,1.0,22800.0,1.0,22700.0,1.0,22600.0,1.0,22500.0,1.0,23500.0,1.0,23600.0,1.0,23700.0,1.0,23800.0,1.0,23900.0,1.0,24000.0,1.0,24100.0,1.0,24200.0,1.0,24300.0,1.0,24400.0,1.0
000629.SZ,2020-08-07,09:32:15,23500.0,0.0,0.0,23400.0,0.69,23300.0,1.0,23200.0,1.0,23100.0,1,23000.0,1.0,22900.0,1.0,22800.0,1.0,22700.0,1.0,22600.0,1.0,22500.0,1.0,23500.0,1.0,23600.0,1.0,23700.0,1.0,23800.0,1.0,23900.0,1.0,24000.0,1.0,24100.0,1.0,24200.0,1.0,24300.0,1.0,24400.0,1.0
000629.SZ,2020-08-07,09:32:16,23500.0,1000.0,23400000.0,23400.0,0.68,23300.0,1.0,23200.0,1.0,23100.0,1,23000.0,1.0,22900.0,1.0,22800.0,1.0,22700.0,1.0,22600.0,1.0,22500.0,1.0,23500.0,1.0,23600.0,1.0,23700.0,1.0,23800.0,1.0,23900.0,1.0,24000.0,1.0,24100.0,1.0,24200.0,1.0,24300.0,1.0,24400.0,1.0
000629.SZ,2020-08-07,09:32:17,23400.0,0.0,0.0,23400.0,0.68,23300.0,1.0,23200.0,1.0,23100.0,1,23000.0,1.0,22900.0,1.0,22800.0,1.0,22700.0,1.0,22600.0,1.0,22500.0,1.0,23500.0,1.0,23600.0,1.0,23700.0,1.0,23800.0,1.0,23900.0,1.0,24000.0,1.0,24100.0,1.0,24200.0,1.0,24300.0,1.0,24400.0,1.0
000629.SZ,2020-08-07,09:32:18,23400.0,500.0,11700000.0,23400.0,0.67,23300.0,1.0,23200.0,1.0,23100.0,1,23000.0,1.0,22900.0,1.0,22800.0,1.0,22700.0,1.0,22600.0,1.0,22500.0,1.0,23500.0,1.0,23600.0,1.0,23700.0,1.0,23800.0,1.0,23900.0,1.0,24000.0,1.0,24100.0,1.0,24200.0,1.0,24300.0,1.0,24400.0,1.0
000629.SZ,2020-08-07,09:32:19,23400.0,0.0,0.0,23400.0,0.67,23300.0,1.0,23200.0,1.0,23100.0,1,23000.0,1.0,22900.0,1.0,22800.0,1.0,22700.0,1.0,22600.0,1.0,22500.0,1.0,23500.0,1.0,23600.0,1.0,23700.0,1.0,23800.0,1.0,23900.0,1.0,24000.0,1.0,24100.0,1.0,24200.0,1.0,24300.0,1.0,24400.0,1.0
000629.SZ,2020-08-07,09:32:20,23400.0,8900.0,208260000.0,23400.0,0.91,23300.0,1.0,23200.0,1.0,23100.0,1,23000.0,1.0,22900.0,1.0,22800.0,1.0,22700.0,1.0,22600.0,1.0,22500.0,1.0,23500.0,1.0,23600.0,1.0,23700.0,1.0,23800.0,1.0,23900.0,1.0,24000.0,1.0,24100.0,1.0,24200.0,1.0,24300.0,1.0,24400.0,1.0
000629.SZ,2020-08-07,09:32:21,23400.0,50400.0,1179360000.0,23400.0,0.46,23300.0,1.0,23200.0,1.0,23100.0,1,23000.0,1.0,22900.0,1.0,22800.0,1.0,22700.0,1.0,22600.0,1.0,22500.0,1.0,23500.0,1.0,23600.0,1.0,23700.0,1.0,23800.0,1.0,23900.0,1.0,24000.0,1.0,24100.0,1.0,24200.0,1.0,24300.0,1.0,24400.0,1.0
000629.SZ,2020-08-07,09:32:22,23500.0,0.0,0.0,23400.0,0.82,23300.0,1.0,23200.0,1.0,23100.0,1,23000.0,1.0,22900.0,1.0,22800.0,1.0,22700.0,1.0,22600.0,1.0,22500.0,1.0,23500.0,1.0,23600.0,1.0,23700.0,1.0,23800.0,1.0,23900.0,1.0,24000.0,1.0,24100.0,1.0,24200.0,1.0,24300.0,1.0,24400.0,1.0
000629.SZ,2020-08-07,09:32:23,23500.0,0.0,0.0,23400.0,0.82,23300.0,1.0,23200.0,1.0,23100.0,1,23000.0,1.0,22900.0,1.0,22800.0,1.0,22700.0,1.0,22600.0,1.0,22500.0,1.0,23500.0,1.0,23600.0,1.0,23700.0,1.0,23800.0,1.0,23900.0,1.0,24000.0,1.0,24100.0,1.0,24200.0,1.0,24300.0,1.0,24400.0,1.0
000629.SZ,2020-08-07,09:32:24,23500.0,0.0,0.0,23400.0,0.82,23300.0,1.0,23200.0,1.0,23100.0,1,23000.0,1.0,22900.0,1.0,22800.0,1.0,22700.0,1.0,22600.0,1.0,22500.0,1.0,23500.0,1.0,23600.0,1.0,23700.0,1.0,23800.0,1.0,23900.0,1.0,24000.0,1.0,24100.0,1.0,24200.0,1.0,24300.0,1.0,24400.0,1.0
000629.SZ,2020-08-07,09:32:25,23500.0,0.0,0.0,23400.0,0.82,23300.0,1.0,23200.0,1.0,23100.0,1,23000.0,1.0,22900.0,1.0,22800.0,1.0,22700.0,1.0,22600.0,1.0,22500.0,1.0,23500.0,1.0,23600.0,1.0,23700.0,1.0,23800.0,1.0,23900.0,1.0,24000.0,1.0,24100.0,1.0,24200.0,1.0,24300.0,1.0,24400.0,1.0
000629.SZ,2020-08-07,09:32:26,23500.0,0.0,0.0,23400.0,0.82,23300.0,1.0,23200.0,1.0,23100.0,1,23000.0,1.0,22900.0,1.0,22800.0,1.0,22700.0,1.0,22600.0,1.0,22500.0,1.0,23500.0,1.0,23600.0,1.0,23700.0,1.0,23800.0,1.0,23900.0,1.0,24000.0,1.0,24100.0,1.0,24200.0,1.0,24300.0,1.0,24400.0,1.0
000629.SZ,2020-08-07,09:32:27,23500.0,5700.0,133950000.0,23400.0,0.82,23300.0,1.0,23200.0,1.0,23100.0,1,23000.0,1.0,22900.0,1.0,22800.0,1.0,22700.0,1.0,22600.0,1.0,22500.0,1.0,23500.0,1.0,23600.0,1.0,23700.0,1.0,23800.0,1.0,23900.0,1.0,24000.0,1.0,24100.0,1.0,24200.0,1.0,24300.0,1.0,24400.0,1.0
000629.SZ,2020-08-07,09:32:28,23500.0,0.0,0.0,23400.0,0.94,23300.0,1.0,23200.0,1.0,23100.0,1,23000.0,1.0,22900.0,1.0,22800.0,1.0,22700.0,1.0,22600.0,1.0,22500.0,1.0,23500.0,1.0,23600.0,1.0,23700.0,1.0,23800.0,1.0,23900.0,1.0,24000.0,1.0,24100.0,1.0,24200.0,1.0,24300.0,1.0,24400.0,1.0
000629.SZ,2020-08-07,09:32:29,23500.0,0.0,0.0,23400.0,0.94,23300.0,1.0,23200.0,1.0,23100.0,1,23000.0,1.0,22900.0,1.0,22800.0,1.0,22700.0,1.0,22600.0,1.0,22500.0,1.0,23500.0,1.0,23600.0,1.0,23700.0,1.0,23800.0,1.0,23900.0,1.0,24000.0,1.0,24100.0,1.0,24200.0,1.0,24300.0,1.0,24400.0,1.0
000629.SZ,2020-08-07,09:32:30,23500.0,8800.0,206412800.0,23400.0,0.9,23300.0,1.0,23200.0,1.0,23100.0,1,23000.0,1.0,22900.0,1.0,22800.0,1.0,22700.0,1.0,22600.0,1.0,22500.0,1.0,23500.0,1.0,23600.0,1.0,23700.0,1.0,23800.0,1.0,23900.0,1.0,24000.0,1.0,24100.0,1.0,24200.0,1.0,24300.0,1.0,24400.0,1.0
000629.SZ,2020-08-07,09:32:31,23500.0,0.0,0.0,23400.0,0.9,23300.0,1.0,23200.0,1.0,23100.0,1,23000.0,1.0,22900.0,1.0,22800.0,1.0,22700.0,1.0,22600.0,1.0,22500.0,1.0,23500.0,1.0,23600.0,1.0,23700.0,1.0,23800.0,1.0,23900.0,1.0,24000.0,1.0,24100.0,1.0,24200.0,1.0,24300.0,1.0,24400.0,1.0
000629.SZ,2020-08-07,09:32:32,23500.0,9100.0,213258500.0,23400.0,1.0,23300.0,1.0,23200.0,1.0,23100.0,1,23000.0,1.0,22900.0,1.0,22800.0,1.0,22700.0,1.0,22600.0,1.0,22500.0,1.0,23500.0,1.0,23600.0,1.0,23700.0,1.0,23800.0,1.0,23900.0,1.0,24000.0,1.0,24100.0,1.0,24200.0,1.0,24300.0,1.0,24400.0,1.0
000629.SZ,2020-08-07,09:32:33,23400.0,0.0,0.0,23400.0,1.0,23300.0,1.0,23200.0,1.0,23100.0,1,23000.0,1.0,22900.0,1.0,22800.0,1.0,22700.0,1.0,22600.0,1.0,22500.0,1.0,23500.0,1.0,23600.0,1.0,23700.0,1.0,23800.0,1.0,23900.0,1.0,24000.0,1.0,24100.0,1.0,24200.0,1.0,24300.0,1.0,24400.0,1.0
000629.SZ,2020-08-07,09:32:34,23400.0,4500.0,105300000.0,23400.0,1.0,23300.0,1.0,23200.0,1.0,23100.0,1,23000.0,1.0,22900.0,1.0,22800.0,1.0,22700.0,1.0,22600.0,1.0,22500.0,1.0,23500.0,1.0,23600.0,1.0,23700.0,1.0,23800.0,1.0,23900.0,1.0,24000.0,1.0,24100.0,1.0,24200.0,1.0,24300.0,1.0,24400.0,1.0
000629.SZ,2020-08-07,09:32:35,23400.0,2200.0,51480000.0,23400.0,1.0,23300.0,1.0,23200.0,1.0,23100.0,1,23000.0,1.0,22900.0,1.0,22800.0,1.0,22700.0,1.0,22600.0,1.0,22500.0,1.0,23500.0,1.0,23600.0,1.0,23700.0,1.0,23800.0,1.0,23900.0,1.0,24000.0,1.0,24100.0,1.0,24200.0,1.0,24300.0,1.0,24400.0,1.0
000629.SZ,2020-08-07,09:32:36,23400.0,4500.0,105750000.0,23400.0,1.0,23300.0,1.0,23200.0,1.0,23100.0,1,23000.0,1.0,22900.0,1.0,22800.0,1.0,22700.0,1.0,22600.0,1.0,22500.0,1.0,23500.0,1.0,23600.0,1.0,23700.0,1.0,23800.0,1.0,23900.0,1.0,24000.0,1.0,24100.0,1.0,24200.0,1.0,24300.0,1.0,24400.0,1.0
000629.SZ,2020-08-07,09:32:37,23500.0,0.0,0.0,23400.0,1.0,23300.0,1.0,23200.0,1.0,23100.0,1,23000.0,1.0,22900.0,1.0,22800.0,1.0,22700.0,1.0,22600.0,1.0,22500.0,1.0,23500.0,1.0,23600.0,1.0,23700.0,1.0,23800.0,1.0,23900.0,1.0,24000.0,1.0,24100.0,1.0,24200.0,1.0,24300.0,1.0,24400.0,1.0
000629.SZ,2020-08-07,09:32:38,23500.0,5000.0,117000000.0,23400.0,1.0,23300.0,1.0,23200.0,1.0,23100.0,1,23000.0,1.0,22900.0,1.0,22800.0,1.0,22700.0,1.0,22600.0,1.0,22500.0,1.0,23500.0,1.0,23600.0,1.0,23700.0,1.0,23800.0,1.0,23900.0,1.0,24000.0,1.0,24100.0,1.0,24200.0,1.0,24300.0,1.0,24400.0,1.0
000629.SZ,2020-08-07,09:32:39,23400.0,0.0,0.0,23400.0,1.0,23300.0,1.0,23200.0,1.0,23100.0,1,23000.0,1.0,22900.0,1.0,22800.0,1.0,22700.0,1.0,22600.0,1.0,22500.0,1.0,23500.0,1.0,23600.0,1.0,23700.0,1.0,23800.0,1.0,23900.0,1.0,24000.0,1.0,24100.0,1.0,24200.0,1.0,24300.0,1.0,24400.0,1.0
000629.SZ,2020-08-07,09:32:40,23400.0,0.0,0.0,23400.0,1.0,23300.0,1.0,23200.0,1.0,23100.0,1,23000.0,1.0,22900.0,1.0,22800.0,1.0,22700.0,1.0,22600.0,1.0,22500.0,1.0,23500.0,1.0,23600.0,1.0,23700.0,1.0,23800.0,1.0,23900.0,1.0,24000.0,1.0,24100.0,1.0,24200.0,1.0,24300.0,1.0,24400.0,1.0
000629.SZ,2020-08-07,09:32:41,23400.0,0.0,0.0,23400.0,1.0,23300.0,1.0,23200.0,1.0,23100.0,1,23000.0,1.0,22900.0,1.0,22800.0,1.0,22700.0,1.0,22600.0,1.0,22500.0,1.0,23500.0,1.0,23600.0,1.0,23700.0,1.0,23800.0,1.0,23900.0,1.0,24000.0,1.0,24100.0,1.0,24200.0,1.0,24300.0,1.0,24400.0,1.0
000629.SZ,2020-08-07,09:32:42,23400.0,0.0,0.0,23400.0,1.0,23300.0,1.0,23200.0,1.0,23100.0,1,23000.0,1.0,22900.0,1.0,22800.0,1.0,22700.0,1.0,22600.0,1.0,22500.0,1.0,23500.0,1.0,23600.0,1.0,23700.0,1.0,23800.0,1.0,23900.0,1.0,24000.0,1.0,24100.0,1.0,24200.0,1.0,24300.0,1.0,24400.0,1.0
000629.SZ,2020-08-07,09:32:43,23400.0,16400.0,383760000.0,23400.0,1.0,23300.0,1.0,23200.0,1.0,23100.0,1,23000.0,1.0,22900.0,1.0,22800.0,1.0,22700.0,1.0,22600.0,1.0,22500.0,1.0,23500.0,1.0,23600.0,1.0,23700.0,1.0,23800.0,1.0,23900.0,1.0,24000.0,1.0,24100.0,1.0,24200.0,1.0,24300.0,1.0,24400.0,1.0
000629.SZ,2020-08-07,09:32:44,23400.0,44600.0,1048100000.0,23400.0,1.0,23300.0,1.0,23200.0,1.0,23100.0,1,23000.0,1.0,22900.0,1.0,22800.0,1.0,22700.0,1.0,22600.0,1.0,22500.0,1.0,23500.0,1.0,23600.0,1.0,23700.0,1.0,23800.0,1.0,23900.0,1.0,24000.0,1.0,24100.0,1.0,24200.0,1.0,24300.0,1.0,24400.0,1.0
000629.SZ,2020-08-07,09:32:45,23500.0,2800.0,65598400.0,23400.0,1.0,23300.0,1.0,23200.0,1.0,23100.0,1,23000.0,1.0,22900.0,1.0,22800.0,1.0,22700.0,1.0,22600.0,1.0,22500.0,1.0,23500.0,1.0,23600.0,1.0,23700.0,1.0,23800.0,1.0,23900.0,1.0,24000.0,1.0,24100.0,1.0,24200.0,1.0,24300.0,1.0,24400.0,1.0
000629.SZ,2020-08-07,09:32:46,23500.0,0.0,0.0,23400.0,1.0,23300.0,1.0,23200.0,1.0,23100.0,1,23000.0,1.0,22900.0,1.0,22800.0,1.0,22700.0,1.0,22600.0,1.0,22500.0,1.0,23500.0,1.0,23600.0,1.0,23700.0,1.0,23800.0,1.0,23900.0,1.0,24000.0,1.0,24100.0,1.0,24200.0,1.0,24300.0,1.0,24400.0,1.0
000629.SZ,2020-08-07,09:32:47,23500.0,41500.0,975250000.0,23400.0,1.0,23300.0,1.0,23200.0,1.0,23100.0,1,23000.0,1.0,22900.0,1.0,22800.0,1.0,22700.0,1.0,22600.0,1.0,22500.0,1.0,23500.0,1.0,23600.0,1.0,23700.0,1.0,23800.0,1.0,23900.0,1.0,24000.0,1.0,24100.0,1.0,24200.0,1.0,24300.0,1.0,24400.0,1.0
000629.SZ,2020-08-07,09:32:48,23500.0,28200.0,662615400.0,23400.0,1.0,23300.0,1.0,23200.0,1.0,23100.0,1,23000.0,1.0,22900.0,1.0,22800.0,1.0,22700.0,1.0,22600.0,1.0,22500.0,1.0,23500.0,1.0,23600.0,1.0,23700.0,1.0,23800.0,1.0,23900.0,1.0,24000.0,1.0,24100.0,1.0,24200.0,1.0,24300.0,1.0,24400.0,1.0
000629.SZ,2020-08-07,09:32:49,23400.0,130800.0,3068306400.0,23400.0,1.0,23300.0,1.0,23200.0,1.0,23100.0,1,23000.0,1.0,22900.0,1.0,22800.0,1.0,22700.0,1.0,22600.0,1.0,22500.0,1.0,23500.0,1.0,23600.0,1.0,23700.0,1.0,23800.0,1.0,23900.0,1.0,24000.0,1.0,24100.0,1.0,24200.0,1.0,24300.0,1.0,24400.0,1.0
000629.SZ,2020-08-07,09:32:50,23400.0,0.0,0.0,23400.0,1.0,23300.0,1.0,23200.0,1.0,23100.0,1,23000.0,1.0,22900.0,1.0,22800.0,1.0,22700.0,1.0,22600.0,1.0,22500.0,1.0,23500.0,1.0,23600.0,1.0,23700.0,1.0,23800.0,1.0,23900.0,1.0,24000.0,1.0,24100.0,1.0,24200.0,1.0,24300.0,1.0,24400.0,1.0
000629.SZ,2020-08-07,09:32:51,23400.0,15500.0,364250000.0,23400.0,1.0,23300.0,1.0,23200.0,1.0,23100.0,1,23000.0,1.0,22900.0,1.0,22800.0,1.0,22700.0,1.0,22600.0,1.0,22500.0,1.0,23500.0,1.0,23600.0,1.0,23700.0,1.0,23800.0,1.0,23900.0,1.0,24000.0,1.0,24100.0,1.0,24200.0,1.0,24300.0,1.0,24400.0,1.0
000629.SZ,2020-08-07,09:32:52,23500.0,71300.0,1675264800.0,23400.0,1.0,23300.0,1.0,23200.0,1.0,23100.0,1,23000.0,1.0,22900.0,1.0,22800.0,1.0,22700.0,1.0,22600.0,1.0,22500.0,1.0,23500.0,1.0,23600.0,1.0,23700.0,1.0,23800.0,1.0,23900.0,1.0,24000.0,1.0,24100.0,1.0,24200.0,1.0,24300.0,1.0,24400.0,1.0
000629.SZ,2020-08-07,09:32:53,23500.0,141800.0,3331449200.0,23400.0,1.0,23300.0,1.0,23200.0,1.0,23100.0,1,23000.0,1.0,22900.0,1.0,22800.0,1.0,22700.0,1.0,22600.0,1.0,22500.0,1.0,23500.0,1.0,23600.0,1.0,23700.0,1.0,23800.0,1.0,23900.0,1.0,24000.0,1.0,24100.0,1.0,24200.0,1.0,24300.0,1.0,24400.0,1.0
000629.SZ,2020-08-07,09:32:54,23500.0,432200.0,10156700000.0,23500.0,0.7,23400.0,1.0,23300.0,1.0,23200.0,1,23100.0,1.0,23000.0,1.0,22900.0,1.0,22800.0,1.0,22700.0,1.0,22600.0,1.0,23600.0,1.0,23700.0,1.0,23800.0,1.0,23900.0,1.0,24000.0,1.0,24100.0,1.0,24200.0,1.0,24300.0,1.0,24400.0,1.0,24500.0,1.0
000629.SZ,2020-08-07,09:32:55,23500.0,65700.0,1544672700.0,23500.0,0.18,23400.0,1.0,23300.0,1.0,23200.0,1,23100.0,1.0,23000.0,1.0,22900.0,1.0,22800.0,1.0,22700.0,1.0,22600.0,1.0,23600.0,1.0,23700.0,1.0,23800.0,1.0,23900.0,1.0,24000.0,1.0,24100.0,1.0,24200.0,1.0,24300.0,1.0,24400.0,1.0,24500.0,1.0
000629.SZ,2020-08-07,09:32:56,23500.0,10200.0,239700000.0,23500.0,0.09,23400.0,1.0,23300.0,1.0,23200.0,1,23100.0,1.0,23000.0,1.0,22900.0,1.0,22800.0,1.0,22700.0,1.0,22600.0,1.0,23600.0,1.0,23700.0,1.0,23800.0,1.0,23900.0,1.0,24000.0,1.0,24100.0,1.0,24200.0,1.0,24300.0,1.0,24400.0,1.0,24500.0,1.0
000629.SZ,2020-08-07,09:32:57,23500.0,1300.0,30550000.0,23500.0,0.26,23400.0,1.0,23300.0,1.0,23200.0,1,23100.0,1.0,23000.0,1.0,22900.0,1.0,22800.0,1.0,22700.0,1.0,22600.0,1.0,23600.0,1.0,23700.0,1.0,23800.0,1.0,23900.0,1.0,24000.0,1.0,24100.0,1.0,24200.0,1.0,24300.0,1.0,24400.0,1.0,24500.0,1.0
000629.SZ,2020-08-07,09:32:58,23500.0,1800.0,42300000.0,23500.0,0.24,23400.0,1.0,23300.0,1.0,23200.0,1,23100.0,1.0,23000.0,1.0,22900.0,1.0,22800.0,1.0,22700.0,1.0,22600.0,1.0,23600.0,1.0,23700.0,1.0,23800.0,1.0,23900.0,1.0,24000.0,1.0,24100.0,1.0,24200.0,1.0,24300.0,1.0,24400.0,1.0,24500.0,1.0
000629.SZ,2020-08-07,09:32:59,23500.0,9400.0,220900000.0,23500.0,0.16,23400.0,1.0,23300.0,1.0,23200.0,1,23100.0,1.0,23000.0,1.0,22900.0,1.0,22800.0,1.0,22700.0,1.0,22600.0,1.0,23600.0,1.0,23700.0,1.0,23800.0,1.0,23900.0,1.0,24000.0,1.0,24100.0,1.0,24200.0,1.0,24300.0,1.0,24400.0,1.0,24500.0,1.0
000629.SZ,2020-08-07,09:33:00,23500.0,0.0,0.0,23500.0,0.16,23400.0,1.0,23300.0,1.0,23200.0,1,23100.0,1.0,23000.0,1.0,22900.0,1.0,22800.0,1.0,22700.0,1.0,22600.0,1.0,23600.0,1.0,23700.0,1.0,23800.0,1.0,23900.0,1.0,24000.0,1.0,24100.0,1.0,24200.0,1.0,24300.0,1.0,24400.0,1.0,24500.0,1.0
000629.SZ,2020-08-07,09:33:01,23500.0,700.0,16450000.0,23500.0,0.15,23400.0,1.0,23300.0,1.0,23200.0,1,23100.0,1.0,23000.0,1.0,22900.0,1.0,22800.0,1.0,22700.0,1.0,22600.0,1.0,23600.0,1.0,23700.0,1.0,23800.0,1.0,23900.0,1.0,24000.0,1.0,24100.0,1.0,24200.0,1.0,24300.0,1.0,24400.0,1.0,24500.0,1.0
000629.SZ,2020-08-07,09:33:02,23500.0,91500.0,2150250000.0,23400.0,1.0,23300.0,1.0,23200.0,1.0,23100.0,1,23000.0,1.0,22900.0,1.0,22800.0,1.0,22700.0,1.0,22600.0,1.0,22500.0,1.0,23600.0,1.0,23700.0,1.0,23800.0,1.0,23900.0,1.0,24000.0,1.0,24100.0,1.0,24200.0,1.0,24300.0,1.0,24400.0,1.0,24500.0,1.0
000629.SZ,2020-08-07,09:33:03,23500.0,0.0,0.0,23500.0,0.13,23400.0,1.0,23300.0,1.0,23200.0,1,23100.0,1.0,23000.0,1.0,22900.0,1.0,22800.0,1.0,22700.0,1.0,22600.0,1.0,23600.0,1.0,23700.0,1.0,23800.0,1.0,23900.0,1.0,24000.0,1.0,24100.0,1.0,24200.0,1.0,24300.0,1.0,24400.0,1.0,24500.0,1.0
000629.SZ,2020-08-07,09:33:04,23500.0,1600.0,37619200.0,23500.0,1.0,23400.0,1.0,23300.0,1.0,23200.0,1,23100.0,1.0,23000.0,1.0,22900.0,1.0,22800.0,1.0,22700.0,1.0,22600.0,1.0,23600.0,1.0,23700.0,1.0,23800.0,1.0,23900.0,1.0,24000.0,1.0,24100.0,1.0,24200.0,1.0,24300.0,1.0,24400.0,1.0,24500.0,1.0
000629.SZ,2020-08-07,09:33:05,23500.0,0.0,0.0,23500.0,1.0,23400.0,1.0,23300.0,1.0,23200.0,1,23100.0,1.0,23000.0,1.0,22900.0,1.0,22800.0,1.0,22700.0,1.0,22600.0,1.0,23600.0,1.0,23700.0,1.0,23800.0,1.0,23900.0,1.0,24000.0,1.0,24100.0,1.0,24200.0,1.0,24300.0,1.0,24400.0,1.0,24500.0,1.0
000629.SZ,2020-08-07,09:33:06,23500.0,0.0,0.0,23500.0,1.0,23400.0,1.0,23300.0,1.0,23200.0,1,23100.0,1.0,23000.0,1.0,22900.0,1.0,22800.0,1.0,22700.0,1.0,22600.0,1.0,23600.0,1.0,23700.0,1.0,23800.0,1.0,23900.0,1.0,24000.0,1.0,24100.0,1.0,24200.0,1.0,24300.0,1.0,24400.0,1.0,24500.0,1.0
000629.SZ,2020-08-07,09:33:07,23500.0,23000.0,542294000.0,23500.0,1.0,23400.0,1.0,23300.0,1.0,23200.0,1,23100.0,1.0,23000.0,1.0,22900.0,1.0,22800.0,1.0,22700.0,1.0,22600.0,1.0,23600.0,1.0,23700.0,1.0,23800.0,1.0,23900.0,1.0,24000.0,1.0,24100.0,1.0,24200.0,1.0,24300.0,1.0,24400.0,1.0,24500.0,1.0
000629.SZ,2020-08-07,09:33:08,23600.0,0.0,0.0,23500.0,1.0,23400.0,1.0,23300.0,1.0,23200.0,1,23100.0,1.0,23000.0,1.0,22900.0,1.0,22800.0,1.0,22700.0,1.0,22600.0,1.0,23600.0,1.0,23700.0,1.0,23800.0,1.0,23900.0,1.0,24000.0,1.0,24100.0,1.0,24200.0,1.0,24300.0,1.0,24400.0,1.0,24500.0,1.0
000629.SZ,2020-08-07,09:33:09,23600.0,25700.0,606520000.0,23500.0,1.0,23400.0,1.0,23300.0,1.0,23200.0,1,23100.0,1.0,23000.0,1.0,22900.0,1.0,22800.0,1.0,22700.0,1.0,22600.0,1.0,23600.0,1.0,23700.0,1.0,23800.0,1.0,23900.0,1.0,24000.0,1.0,24100.0,1.0,24200.0,1.0,24300.0,1.0,24400.0,1.0,24500.0,1.0
000629.SZ,2020-08-07,09:33:10,23600.0,1500.0,35250000.0,23500.0,1.0,23400.0,1.0,23300.0,1.0,23200.0,1,23100.0,1.0,23000.0,1.0,22900.0,1.0,22800.0,1.0,22700.0,1.0,22600.0,1.0,23600.0,1.0,23700.0,1.0,23800.0,1.0,23900.0,1.0,24000.0,1.0,24100.0,1.0,24200.0,1.0,24300.0,1.0,24400.0,1.0,24500.0,1.0
000629.SZ,2020-08-07,09:33:11,23500.0,0.0,0.0,23500.0,1.0,23400.0,1.0,23300.0,1.0,23200.0,1,23100.0,1.0,23000.0,1.0,22900.0,1.0,22800.0,1.0,22700.0,1.0,22600.0,1.0,23600.0,1.0,23700.0,1.0,23800.0,1.0,23900.0,1.0,24000.0,1.0,24100.0,1.0,24200.0,1.0,24300.0,1.0,24400.0,1.0,24500.0,1.0
000629.SZ,2020-08-07,09:33:12,23500.0,204200.0,4819120000.0,23500.0,1.0,23400.0,1.0,23300.0,1.0,23200.0,1,23100.0,1.0,23000.0,1.0,22900.0,1.0,22800.0,1.0,22700.0,1.0,22600.0,1.0,23600.0,1.0,23700.0,1.0,23800.0,1.0,23900.0,1.0,24000.0,1.0,24100.0,1.0,24200.0,1.0,24300.0,1.0,24400.0,1.0,24500.0,1.0
000629.SZ,2020-08-07,09:33:13,23600.0,10300.0,242153000.0,23500.0,1.0,23400.0,1.0,23300.0,1.0,23200.0,1,23100.0,1.0,23000.0,1.0,22900.0,1.0,22800.0,1.0,22700.0,1.0,22600.0,1.0,23600.0,1.0,23700.0,1.0,23800.0,1.0,23900.0,1.0,24000.0,1.0,24100.0,1.0,24200.0,1.0,24300.0,1.0,24400.0,1.0,24500.0,1.0
000629.SZ,2020-08-07,09:33:14,23600.0,5300.0,125080000.0,23500.0,1.0,23400.0,1.0,23300.0,1.0,23200.0,1,23100.0,1.0,23000.0,1.0,22900.0,1.0,22800.0,1.0,22700.0,1.0,22600.0,1.0,23600.0,1.0,23700.0,1.0,23800.0,1.0,23900.0,1.0,24000.0,1.0,24100.0,1.0,24200.0,1.0,24300.0,1.0,24400.0,1.0,24500.0,1.0
000629.SZ,2020-08-07,09:33:15,23600.0,800.0,18880000.0,23500.0,1.0,23400.0,1.0,23300.0,1.0,23200.0,1,23100.0,1.0,23000.0,1.0,22900.0,1.0,22800.0,1.0,22700.0,1.0,22600.0,1.0,23600.0,1.0,23700.0,1.0,23800.0,1.0,23900.0,1.0,24000.0,1.0,24100.0,1.0,24200.0,1.0,24300.0,1.0,24400.0,1.0,24500.0,1.0
000629.SZ,2020-08-07,09:33:16,23600.0,1000.0,23500000.0,23500.0,1.0,23400.0,1.0,23300.0,1.0,23200.0,1,23100.0,1.0,23000.0,1.0,22900.0,1.0,22800.0,1.0,22700.0,1.0,22600.0,1.0,23600.0,1.0,23700.0,1.0,23800.0,1.0,23900.0,1.0,24000.0,1.0,24100.0,1.0,24200.0,1.0,24300.0,1.0,24400.0,1.0,24500.0,1.0
000629.SZ,2020-08-07,09:33:17,23500.0,3000.0,70800000.0,23500.0,1.0,23400.0,1.0,23300.0,1.0,23200.0,1,23100.0,1.0,23000.0,1.0,22900.0,1.0,22800.0,1.0,22700.0,1.0,22600.0,1.0,23600.0,1.0,23700.0,1.0,23800.0,1.0,23900.0,1.0,24000.0,1.0,24100.0,1.0,24200.0,1.0,24300.0,1.0,24400.0,1.0,24500.0,1.0
000629.SZ,2020-08-07,09:33:18,23600.0,0.0,0.0,23500.0,1.0,23400.0,1.0,23300.0,1.0,23200.0,1,23100.0,1.0,23000.0,1.0,22900.0,1.0,22800.0,1.0,22700.0,1.0,22600.0,1.0,23600.0,1.0,23700.0,1.0,23800.0,1.0,23900.0,1.0,24000.0,1.0,24100.0,1.0,24200.0,1.0,24300.0,1.0,24400.0,1.0,24500.0,1.0
000629.SZ,2020-08-07,09:33:19,23600.0,0.0,0.0,23500.0,1.0,23400.0,1.0,23300.0,1.0,23200.0,1,23100.0,1.0,23000.0,1.0,22900.0,1.0,22800.0,1.0,22700.0,1.0,22600.0,1.0,23600.0,1.0,23700.0,1.0,23800.0,1.0,23900.0,1.0,24000.0,1.0,24100.0,1.0,24200.0,1.0,24300.0,1.0,24400.0,1.0,24500.0,1.0
000629.SZ,2020-08-07,09:33:20,23600.0,0.0,0.0,23500.0,1.0,23400.0,1.0,23300.0,1.0,23200.0,1,23100.0,1.0,23000.0,1.0,22900.0,1.0,22800.0,1.0,22700.0,1.0,22600.0,1.0,23600.0,1.0,23700.0,1.0,23800.0,1.0,23900.0,1.0,24000.0,1.0,24100.0,1.0,24200.0,1.0,24300.0,1.0,24400.0,1.0,24500.0,1.0
000629.SZ,2020-08-07,09:33:21,23600.0,2000.0,47000000.0,23500.0,1.0,23400.0,1.0,23300.0,1.0,23200.0,1,23100.0,1.0,23000.0,1.0,22900.0,1.0,22800.0,1.0,22700.0,1.0,22600.0,1.0,23600.0,1.0,23700.0,1.0,23800.0,1.0,23900.0,1.0,24000.0,1.0,24100.0,1.0,24200.0,1.0,24300.0,1.0,24400.0,1.0,24500.0,1.0
000629.SZ,2020-08-07,09:33:22,23500.0,10000.0,235500000.0,23500.0,1.0,23400.0,1.0,23300.0,1.0,23200.0,1,23100.0,1.0,23000.0,1.0,22900.0,1.0,22800.0,1.0,22700.0,1.0,22600.0,1.0,23600.0,1.0,23700.0,1.0,23800.0,1.0,23900.0,1.0,24000.0,1.0,24100.0,1.0,24200.0,1.0,24300.0,1.0,24400.0,1.0,24500.0,1.0
000629.SZ,2020-08-07,09:33:23,23500.0,320100.0,7554360000.0,23500.0,1.0,23400.0,1.0,23300.0,1.0,23200.0,1,23100.0,1.0,23000.0,1.0,22900.0,1.0,22800.0,1.0,22700.0,1.0,22600.0,1.0,23600.0,0.77,23700.0,1.0,23800.0,1.0,23900.0,1.0,24000.0,1.0,24100.0,1.0,24200.0,1.0,24300.0,1.0,24400.0,1.0,24500.0,1.0
000629.SZ,2020-08-07,09:33:24,23600.0,50.0,1180000.0,23500.0,1.0,23400.0,1.0,23300.0,1.0,23200.0,1,23100.0,1.0,23000.0,1.0,22900.0,1.0,22800.0,1.0,22700.0,1.0,22600.0,1.0,23600.0,0.77,23700.0,1.0,23800.0,1.0,23900.0,1.0,24000.0,1.0,24100.0,1.0,24200.0,1.0,24300.0,1.0,24400.0,1.0,24500.0,1.0
000629.SZ,2020-08-07,09:33:25,23600.0,500.0,11800000.0,23500.0,1.0,23400.0,1.0,23300.0,1.0,23200.0,1,23100.0,1.0,23000.0,1.0,22900.0,1.0,22800.0,1.0,22700.0,1.0,22600.0,1.0,23600.0,0.77,23700.0,1.0,23800.0,1.0,23900.0,1.0,24000.0,1.0,24100.0,1.0,24200.0,1.0,24300.0,1.0,24400.0,1.0,24500.0,1.0
000629.SZ,2020-08-07,09:33:26,23600.0,4500.0,106200000.0,23500.0,1.0,23400.0,1.0,23300.0,1.0,23200.0,1,23100.0,1.0,23000.0,1.0,22900.0,1.0,22800.0,1.0,22700.0,1.0,22600.0,1.0,23600.0,0.77,23700.0,1.0,23800.0,1.0,23900.0,1.0,24000.0,1.0,24100.0,1.0,24200.0,1.0,24300.0,1.0,24400.0,1.0,24500.0,1.0
000629.SZ,2020-08-07,09:33:27,23600.0,18000.0,424494000.0,23500.0,1.0,23400.0,1.0,23300.0,1.0,23200.0,1,23100.0,1.0,23000.0,1.0,22900.0,1.0,22800.0,1.0,22700.0,1.0,22600.0,1.0,23600.0,0.77,23700.0,1.0,23800.0,1.0,23900.0,1.0,24000.0,1.0,24100.0,1.0,24200.0,1.0,24300.0,1.0,24400.0,1.0,24500.0,1.0
000629.SZ,2020-08-07,09:33:28,23600.0,0.0,0.0,23500.0,1.0,23400.0,1.0,23300.0,1.0,23200.0,1,23100.0,1.0,23000.0,1.0,22900.0,1.0,22800.0,1.0,22700.0,1.0,22600.0,1.0,23600.0,0.77,23700.0,1.0,23800.0,1.0,23900.0,1.0,24000.0,1.0,24100.0,1.0,24200.0,1.0,24300.0,1.0,24400.0,1.0,24500.0,1.0
000629.SZ,2020-08-07,09:33:29,23600.0,1000.0,23600000.0,23500.0,1.0,23400.0,1.0,23300.0,1.0,23200.0,1,23100.0,1.0,23000.0,1.0,22900.0,1.0,22800.0,1.0,22700.0,1.0,22600.0,1.0,23600.0,0.77,23700.0,1.0,23800.0,1.0,23900.0,1.0,24000.0,1.0,24100.0,1.0,24200.0,1.0,24300.0,1.0,24400.0,1.0,24500.0,1.0
000629.SZ,2020-08-07,09:33:30,23600.0,20000.0,472000000.0,23500.0,1.0,23400.0,1.0,23300.0,1.0,23200.0,1,23100.0,1.0,23000.0,1.0,22900.0,1.0,22800.0,1.0,22700.0,1.0,22600.0,1.0,23600.0,0.77,23700.0,1.0,23800.0,1.0,23900.0,1.0,24000.0,1.0,24100.0,1.0,24200.0,1.0,24300.0,1.0,24400.0,1.0,24500.0,1.0
000629.SZ,2020-08-07,09:33:31,23600.0,5000.0,118000000.0,23500.0,1.0,23400.0,1.0,23300.0,1.0,23200.0,1,23100.0,1.0,23000.0,1.0,22900.0,1.0,22800.0,1.0,22700.0,1.0,22600.0,1.0,23600.0,0.77,23700.0,1.0,23800.0,1.0,23900.0,1.0,24000.0,1.0,24100.0,1.0,24200.0,1.0,24300.0,1.0,24400.0,1.0,24500.0,1.0
000629.SZ,2020-08-07,09:33:32,23600.0,3200.0,75840000.0,23600.0,0.35,23500.0,1.0,23400.0,1.0,23300.0,1,23200.0,1.0,23100.0,1.0,23000.0,1.0,22900.0,1.0,22800.0,1.0,22700.0,1.0,23700.0,1.0,23800.0,1.0,23900.0,1.0,24000.0,1.0,24100.0,1.0,24200.0,1.0,24300.0,1.0,24400.0,1.0,24500.0,1.0,24600.0,1.0
000629.SZ,2020-08-07,09:33:33,23700.0,4000.0,94400000.0,23600.0,0.31,23500.0,1.0,23400.0,1.0,23300.0,1,23200.0,1.0,23100.0,1.0,23000.0,1.0,22900.0,1.0,22800.0,1.0,22700.0,1.0,23700.0,1.0,23800.0,1.0,23900.0,1.0,24000.0,1.0,24100.0,1.0,24200.0,1.0,24300.0,1.0,24400.0,1.0,24500.0,1.0,24600.0,1.0
000629.SZ,2020-08-07,09:33:34,23600.0,3100.0,73160000.0,23600.0,0.3,23500.0,1.0,23400.0,1.0,23300.0,1,23200.0,1.0,23100.0,1.0,23000.0,1.0,22900.0,1.0,22800.0,1.0,22700.0,1.0,23700.0,1.0,23800.0,1.0,23900.0,1.0,24000.0,1.0,24100.0,1.0,24200.0,1.0,24300.0,1.0,24400.0,1.0,24500.0,1.0,24600.0,1.0
000629.SZ,2020-08-07,09:33:35,23600.0,13500.0,318600000.0,23600.0,0.18,23500.0,1.0,23400.0,1.0,23300.0,1,23200.0,1.0,23100.0,1.0,23000.0,1.0,22900.0,1.0,22800.0,1.0,22700.0,1.0,23700.0,1.0,23800.0,1.0,23900.0,1.0,24000.0,1.0,24100.0,1.0,24200.0,1.0,24300.0,1.0,24400.0,1.0,24500.0,1.0,24600.0,1.0
000629.SZ,2020-08-07,09:33:36,23600.0,40100.0,946360000.0,23600.0,1.0,23500.0,1.0,23400.0,1.0,23300.0,1,23200.0,1.0,23100.0,1.0,23000.0,1.0,22900.0,1.0,22800.0,1.0,22700.0,1.0,23700.0,1.0,23800.0,1.0,23900.0,1.0,24000.0,1.0,24100.0,1.0,24200.0,1.0,24300.0,1.0,24400.0,1.0,24500.0,1.0,24600.0,1.0
000629.SZ,2020-08-07,09:33:37,23600.0,20000.0,472000000.0,23600.0,1.0,23500.0,1.0,23400.0,1.0,23300.0,1,23200.0,1.0,23100.0,1.0,23000.0,1.0,22900.0,1.0,22800.0,1.0,22700.0,1.0,23700.0,1.0,23800.0,1.0,23900.0,1.0,24000.0,1.0,24100.0,1.0,24200.0,1.0,24300.0,1.0,24400.0,1.0,24500.0,1.0,24600.0,1.0
000629.SZ,2020-08-07,09:33:38,23600.0,3000.0,70800000.0,23600.0,1.0,23500.0,1.0,23400.0,1.0,23300.0,1,23200.0,1.0,23100.0,1.0,23000.0,1.0,22900.0,1.0,22800.0,1.0,22700.0,1.0,23700.0,1.0,23800.0,1.0,23900.0,1.0,24000.0,1.0,24100.0,1.0,24200.0,1.0,24300.0,1.0,24400.0,1.0,24500.0,1.0,24600.0,1.0
000629.SZ,2020-08-07,09:33:39,23600.0,0.0,0.0,23600.0,1.0,23500.0,1.0,23400.0,1.0,23300.0,1,23200.0,1.0,23100.0,1.0,23000.0,1.0,22900.0,1.0,22800.0,1.0,22700.0,1.0,23700.0,1.0,23800.0,1.0,23900.0,1.0,24000.0,1.0,24100.0,1.0,24200.0,1.0,24300.0,1.0,24400.0,1.0,24500.0,1.0,24600.0,1.0
000629.SZ,2020-08-07,09:33:40,23600.0,400.0,9480000.0,23600.0,1.0,23500.0,1.0,23400.0,1.0,23300.0,1,23200.0,1.0,23100.0,1.0,23000.0,1.0,22900.0,1.0,22800.0,1.0,22700.0,1.0,23700.0,1.0,23800.0,1.0,23900.0,1.0,24000.0,1.0,24100.0,1.0,24200.0,1.0,24300.0,1.0,24400.0,1.0,24500.0,1.0,24600.0,1.0
000629.SZ,2020-08-07,09:33:41,23700.0,33300.0,789176700.0,23600.0,1.0,23500.0,1.0,23400.0,1.0,23300.0,1,23200.0,1.0,23100.0,1.0,23000.0,1.0,22900.0,1.0,22800.0,1.0,22700.0,1.0,23700.0,1.0,23800.0,1.0,23900.0,1.0,24000.0,1.0,24100.0,1.0,24200.0,1.0,24300.0,1.0,24400.0,1.0,24500.0,1.0,24600.0,1.0
000629.SZ,2020-08-07,09:33:42,23700.0,2300.0,54280000.0,23600.0,1.0,23500.0,1.0,23400.0,1.0,23300.0,1,23200.0,1.0,23100.0,1.0,23000.0,1.0,22900.0,1.0,22800.0,1.0,22700.0,1.0,23700.0,1.0,23800.0,1.0,23900.0,1.0,24000.0,1.0,24100.0,1.0,24200.0,1.0,24300.0,1.0,24400.0,1.0,24500.0,1.0,24600.0,1.0
000629.SZ,2020-08-07,09:33:43,23600.0,0.0,0.0,23600.0,1.0,23500.0,1.0,23400.0,1.0,23300.0,1,23200.0,1.0,23100.0,1.0,23000.0,1.0,22900.0,1.0,22800.0,1.0,22700.0,1.0,23700.0,1.0,23800.0,1.0,23900.0,1.0,24000.0,1.0,24100.0,1.0,24200.0,1.0,24300.0,1.0,24400.0,1.0,24500.0,1.0,24600.0,1.0
000629.SZ,2020-08-07,09:33:44,23600.0,0.0,0.0,23600.0,1.0,23500.0,1.0,23400.0,1.0,23300.0,1,23200.0,1.0,23100.0,1.0,23000.0,1.0,22900.0,1.0,22800.0,1.0,22700.0,1.0,23700.0,1.0,23800.0,1.0,23900.0,1.0,24000.0,1.0,24100.0,1.0,24200.0,1.0,24300.0,1.0,24400.0,1.0,24500.0,1.0,24600.0,1.0
000629.SZ,2020-08-07,09:33:45,23600.0,4000.0,94800000.0,23600.0,1.0,23500.0,1.0,23400.0,1.0,23300.0,1,23200.0,1.0,23100.0,1.0,23000.0,1.0,22900.0,1.0,22800.0,1.0,22700.0,1.0,23700.0,1.0,23800.0,1.0,23900.0,1.0,24000.0,1.0,24100.0,1.0,24200.0,1.0,24300.0,1.0,24400.0,1.0,24500.0,1.0,24600.0,1.0
000629.SZ,2020-08-07,09:33:46,23700.0,0.0,0.0,23600.0,1.0,23500.0,1.0,23400.0,1.0,23300.0,1,23200.0,1.0,23100.0,1.0,23000.0,1.0,22900.0,1.0,22800.0,1.0,22700.0,1.0,23700.0,1.0,23800.0,1.0,23900.0,1.0,24000.0,1.0,24100.0,1.0,24200.0,1.0,24300.0,1.0,24400.0,1.0,24500.0,1.0,24600.0,1.0
000629.SZ,2020-08-07,09:33:47,23700.0,5500.0,129866000.0,23600.0,1.0,23500.0,1.0,23400.0,1.0,23300.0,1,23200.0,1.0,23100.0,1.0,23000.0,1.0,22900.0,1.0,22800.0,1.0,22700.0,1.0,23700.0,1.0,23800.0,1.0,23900.0,1.0,24000.0,1.0,24100.0,1.0,24200.0,1.0,24300.0,1.0,24400.0,1.0,24500.0,1.0,24600.0,1.0
000629.SZ,2020-08-07,09:33:48,23600.0,500.0,11800000.0,23600.0,1.0,23500.0,1.0,23400.0,1.0,23300.0,1,23200.0,1.0,23100.0,1.0,23000.0,1.0,22900.0,1.0,22800.0,1.0,22700.0,1.0,23700.0,1.0,23800.0,1.0,23900.0,1.0,24000.0,1.0,24100.0,1.0,24200.0,1.0,24300.0,1.0,24400.0,1.0,24500.0,1.0,24600.0,1.0
000629.SZ,2020-08-07,09:33:49,23600.0,1800.0,42480000.0,23600.0,1.0,23500.0,1.0,23400.0,1.0,23300.0,1,23200.0,1.0,23100.0,1.0,23000.0,1.0,22900.0,1.0,22800.0,1.0,22700.0,1.0,23700.0,1.0,23800.0,1.0,23900.0,1.0,24000.0,1.0,24100.0,1.0,24200.0,1.0,24300.0,1.0,24400.0,1.0,24500.0,1.0,24600.0,1.0
000629.SZ,2020-08-07,09:33:50,23600.0,7300.0,172776400.0,23600.0,1.0,23500.0,1.0,23400.0,1.0,23300.0,1,23200.0,1.0,23100.0,1.0,23000.0,1.0,22900.0,1.0,22800.0,1.0,22700.0,1.0,23700.0,1.0,23800.0,1.0,23900.0,1.0,24000.0,1.0,24100.0,1.0,24200.0,1.0,24300.0,1.0,24400.0,1.0,24500.0,1.0,24600.0,1.0
000629.SZ,2020-08-07,09:33:51,23600.0,0.0,0.0,23600.0,1.0,23500.0,1.0,23400.0,1.0,23300.0,1,23200.0,1.0,23100.0,1.0,23000.0,1.0,22900.0,1.0,22800.0,1.0,22700.0,1.0,23700.0,1.0,23800.0,1.0,23900.0,1.0,24000.0,1.0,24100.0,1.0,24200.0,1.0,24300.0,1.0,24400.0,1.0,24500.0,1.0,24600.0,1.0
000629.SZ,2020-08-07,09:33:52,23600.0,0.0,0.0,23600.0,1.0,23500.0,1.0,23400.0,1.0,23300.0,1,23200.0,1.0,23100.0,1.0,23000.0,1.0,22900.0,1.0,22800.0,1.0,22700.0,1.0,23700.0,1.0,23800.0,1.0,23900.0,1.0,24000.0,1.0,24100.0,1.0,24200.0,1.0,24300.0,1.0,24400.0,1.0,24500.0,1.0,24600.0,1.0
000629.SZ,2020-08-07,09:33:53,23600.0,0.0,0.0,23600.0,1.0,23500.0,1.0,23400.0,1.0,23300.0,1,23200.0,1.0,23100.0,1.0,23000.0,1.0,22900.0,1.0,22800.0,1.0,22700.0,1.0,23700.0,1.0,23800.0,1.0,23900.0,1.0,24000.0,1.0,24100.0,1.0,24200.0,1.0,24300.0,1.0,24400.0,1.0,24500.0,1.0,24600.0,1.0
000629.SZ,2020-08-07,09:33:54,23600.0,500.0,11800000.0,23600.0,1.0,23500.0,1.0,23400.0,1.0,23300.0,1,23200.0,1.0,23100.0,1.0,23000.0,1.0,22900.0,1.0,22800.0,1.0,22700.0,1.0,23700.0,1.0,23800.0,1.0,23900.0,1.0,24000.0,1.0,24100.0,1.0,24200.0,1.0,24300.0,1.0,24400.0,1.0,24500.0,1.0,24600.0,1.0
000629.SZ,2020-08-07,09:33:55,23600.0,0.0,0.0,23600.0,1.0,23500.0,1.0,23400.0,1.0,23300.0,1,23200.0,1.0,23100.0,1.0,23000.0,1.0,22900.0,1.0,22800.0,1.0,22700.0,1.0,23700.0,1.0,23800.0,1.0,23900.0,1.0,24000.0,1.0,24100.0,1.0,24200.0,1.0,24300.0,1.0,24400.0,1.0,24500.0,1.0,24600.0,1.0
000629.SZ,2020-08-07,09:33:56,23600.0,0.0,0.0,23600.0,1.0,23500.0,1.0,23400.0,1.0,23300.0,1,23200.0,1.0,23100.0,1.0,23000.0,1.0,22900.0,1.0,22800.0,1.0,22700.0,1.0,23700.0,1.0,23800.0,1.0,23900.0,1.0,24000.0,1.0,24100.0,1.0,24200.0,1.0,24300.0,1.0,24400.0,1.0,24500.0,1.0,24600.0,1.0
000629.SZ,2020-08-07,09:33:57,23600.0,0.0,0.0,23600.0,1.0,23500.0,1.0,23400.0,1.0,23300.0,1,23200.0,1.0,23100.0,1.0,23000.0,1.0,22900.0,1.0,22800.0,1.0,22700.0,1.0,23700.0,1.0,23800.0,1.0,23900.0,1.0,24000.0,1.0,24100.0,1.0,24200.0,1.0,24300.0,1.0,24400.0,1.0,24500.0,1.0,24600.0,1.0
000629.SZ,2020-08-07,09:33:58,23600.0,0.0,0.0,23600.0,1.0,23500.0,1.0,23400.0,1.0,23300.0,1,23200.0,1.0,23100.0,1.0,23000.0,1.0,22900.0,1.0,22800.0,1.0,22700.0,1.0,23700.0,1.0,23800.0,1.0,23900.0,1.0,24000.0,1.0,24100.0,1.0,24200.0,1.0,24300.0,1.0,24400.0,1.0,24500.0,1.0,24600.0,1.0
000629.SZ,2020-08-07,09:33:59,23600.0,19800.0,467280000.0,23600.0,1.0,23500.0,1.0,23400.0,1.0,23300.0,1,23200.0,1.0,23100.0,1.0,23000.0,1.0,22900.0,1.0,22800.0,1.0,22700.0,1.0,23700.0,1.0,23800.0,1.0,23900.0,1.0,24000.0,1.0,24100.0,1.0,24200.0,1.0,24300.0,1.0,24400.0,1.0,24500.0,1.0,24600.0,1.0
000629.SZ,2020-08-07,09:34:00,23600.0,7800.0,184813200.0,23600.0,1.0,23500.0,1.0,23400.0,1.0,23300.0,1,23200.0,1.0,23100.0,1.0,23000.0,1.0,22900.0,1.0,22800.0,1.0,22700.0,1.0,23700.0,1.0,23800.0,1.0,23900.0,1.0,24000.0,1.0,24100.0,1.0,24200.0,1.0,24300.0,1.0,24400.0,1.0,24500.0,1.0,24600.0,1.0
000629.SZ,2020-08-07,09:34:01,23700.0,800.0,18880000.0,23600.0,1.0,23500.0,1.0,23400.0,1.0,23300.0,1,23200.0,1.0,23100.0,1.0,23000.0,1.0,22900.0,1.0,22800.0,1.0,22700.0,1.0,23700.0,1.0,23800.0,1.0,23900.0,1.0,24000.0,1.0,24100.0,1.0,24200.0,1.0,24300.0,1.0,24400.0,1.0,24500.0,1.0,24600.0,1.0
000629.SZ,2020-08-07,09:34:02,23600.0,256950.0,6064020000.0,23500.0,1.0,23400.0,1.0,23300.0,1.0,23200.0,1,23100.0,1.0,23000.0,1.0,22900.0,1.0,22800.0,1.0,22700.0,1.0,22600.0,1.0,23600.0,0.39,23700.0,1.0,23800.0,1.0,23900.0,1.0,24000.0,1.0,24100.0,1.0,24200.0,1.0,24300.0,1.0,24400.0,1.0,24500.0,1.0
000629.SZ,2020-08-07,09:34:03,23600.0,17800.0,420080000.0,23500.0,1.0,23400.0,1.0,23300.0,1.0,23200.0,1,23100.0,1.0,23000.0,1.0,22900.0,1.0,22800.0,1.0,22700.0,1.0,22600.0,1.0,23600.0,0.24,23700.0,1.0,23800.0,1.0,23900.0,1.0,24000.0,1.0,24100.0,1.0,24200.0,1.0,24300.0,1.0,24400.0,1.0,24500.0,1.0
000629.SZ,2020-08-07,09:34:04,23600.0,37350.0,881460000.0,23600.0,0.23,23500.0,1.0,23400.0,1.0,23300.0,1,23200.0,1.0,23100.0,1.0,23000.0,1.0,22900.0,1.0,22800.0,1.0,22700.0,1.0,23700.0,1.0,23800.0,1.0,23900.0,1.0,24000.0,1.0,24100.0,1.0,24200.0,1.0,24300.0,1.0,24400.0,1.0,24500.0,1.0,24600.0,1.0
000629.SZ,2020-08-07,09:34:05,23600.0,10100.0,238360000.0,23600.0,0.14,23500.0,1.0,23400.0,1.0,23300.0,1,23200.0,1.0,23100.0,1.0,23000.0,1.0,22900.0,1.0,22800.0,1.0,22700.0,1.0,23700.0,1.0,23800.0,1.0,23900.0,1.0,24000.0,1.0,24100.0,1.0,24200.0,1.0,24300.0,1.0,24400.0,1.0,24500.0,1.0,24600.0,1.0
000629.SZ,2020-08-07,09:34:06,23600.0,400.0,9440000.0,23600.0,0.15,23500.0,1.0,23400.0,1.0,23300.0,1,23200.0,1.0,23100.0,1.0,23000.0,1.0,22900.0,1.0,22800.0,1.0,22700.0,1.0,23700.0,1.0,23800.0,1.0,23900.0,1.0,24000.0,1.0,24100.0,1.0,24200.0,1.0,24300.0,1.0,24400.0,1.0,24500.0,1.0,24600.0,1.0
000629.SZ,2020-08-07,09:34:07,23600.0,4200.0,99120000.0,23500.0,1.0,23400.0,1.0,23300.0,1.0,23200.0,1,23100.0,1.0,23000.0,1.0,22900.0,1.0,22800.0,1.0,22700.0,1.0,22600.0,1.0,23600.0,0.14,23700.0,1.0,23800.0,1.0,23900.0,1.0,24000.0,1.0,24100.0,1.0,24200.0,1.0,24300.0,1.0,24400.0,1.0,24500.0,1.0
000629.SZ,2020-08-07,09:34:08,23600.0,26800.0,632480000.0,23600.0,0.03,23500.0,1.0,23400.0,1.0,23300.0,1,23200.0,1.0,23100.0,1.0,23000.0,1.0,22900.0,1.0,22800.0,1.0,22700.0,1.0,23700.0,1.0,23800.0,1.0,23900.0,1.0,24000.0,1.0,24100.0,1.0,24200.0,1.0,24300.0,1.0,24400.0,1.0,24500.0,1.0,24600.0,1.0
000629.SZ,2020-08-07,09:34:09,23600.0,12800.0,301721600.0,23500.0,1.0,23400.0,1.0,23300.0,1.0,23200.0,1,23100.0,1.0,23000.0,1.0,22900.0,1.0,22800.0,1.0,22700.0,1.0,22600.0,1.0,23600.0,0.82,23700.0,1.0,23800.0,1.0,23900.0,1.0,24000.0,1.0,24100.0,1.0,24200.0,1.0,24300.0,1.0,24400.0,1.0,24500.0,1.0
000629.SZ,2020-08-07,09:34:10,23500.0,45200.0,1066720000.0,23500.0,1.0,23400.0,1.0,23300.0,1.0,23200.0,1,23100.0,1.0,23000.0,1.0,22900.0,1.0,22800.0,1.0,22700.0,1.0,22600.0,1.0,23600.0,0.41,23700.0,1.0,23800.0,1.0,23900.0,1.0,24000.0,1.0,24100.0,1.0,24200.0,1.0,24300.0,1.0,24400.0,1.0,24500.0,1.0
000629.SZ,2020-08-07,09:34:11,23600.0,50100.0,1182861000.0,23500.0,1.0,23400.0,1.0,23300.0,1.0,23200.0,1,23100.0,1.0,23000.0,1.0,22900.0,1.0,22800.0,1.0,22700.0,1.0,22600.0,1.0,23700.0,1.0,23800.0,1.0,23900.0,1.0,24000.0,1.0,24100.0,1.0,24200.0,1.0,24300.0,1.0,24400.0,1.0,24500.0,1.0,24600.0,1.0
000629.SZ,2020-08-07,09:34:12,23700.0,0.0,0.0,23500.0,1.0,23400.0,1.0,23300.0,1.0,23200.0,1,23100.0,1.0,23000.0,1.0,22900.0,1.0,22800.0,1.0,22700.0,1.0,22600.0,1.0,23700.0,1.0,23800.0,1.0,23900.0,1.0,24000.0,1.0,24100.0,1.0,24200.0,1.0,24300.0,1.0,24400.0,1.0,24500.0,1.0,24600.0,1.0
000629.SZ,2020-08-07,09:34:13,23700.0,200.0,4700000.0,23500.0,1.0,23400.0,1.0,23300.0,1.0,23200.0,1,23100.0,1.0,23000.0,1.0,22900.0,1.0,22800.0,1.0,22700.0,1.0,22600.0,1.0,23700.0,1.0,23800.0,1.0,23900.0,1.0,24000.0,1.0,24100.0,1.0,24200.0,1.0,24300.0,1.0,24400.0,1.0,24500.0,1.0,24600.0,1.0
000629.SZ,2020-08-07,09:34:14,23500.0,0.0,0.0,23500.0,1.0,23400.0,1.0,23300.0,1.0,23200.0,1,23100.0,1.0,23000.0,1.0,22900.0,1.0,22800.0,1.0,22700.0,1.0,22600.0,1.0,23600.0,0.03,23700.0,1.0,23800.0,1.0,23900.0,1.0,24000.0,1.0,24100.0,1.0,24200.0,1.0,24300.0,1.0,24400.0,1.0,24500.0,1.0
000629.SZ,2020-08-07,09:34:15,23500.0,3900.0,92040000.0,23500.0,1.0,23400.0,1.0,23300.0,1.0,23200.0,1,23100.0,1.0,23000.0,1.0,22900.0,1.0,22800.0,1.0,22700.0,1.0,22600.0,1.0,23600.0,0.5,23700.0,1.0,23800.0,1.0,23900.0,1.0,24000.0,1.0,24100.0,1.0,24200.0,1.0,24300.0,1.0,24400.0,1.0,24500.0,1.0
000629.SZ,2020-08-07,09:34:16,23600.0,7700.0,181720000.0,23500.0,1.0,23400.0,1.0,23300.0,1.0,23200.0,1,23100.0,1.0,23000.0,1.0,22900.0,1.0,22800.0,1.0,22700.0,1.0,22600.0,1.0,23600.0,0.44,23700.0,1.0,23800.0,1.0,23900.0,1.0,24000.0,1.0,24100.0,1.0,24200.0,1.0,24300.0,1.0,24400.0,1.0,24500.0,1.0
000629.SZ,2020-08-07,09:34:17,23600.0,76200.0,1798320000.0,23500.0,1.0,23400.0,1.0,23300.0,1.0,23200.0,1,23100.0,1.0,23000.0,1.0,22900.0,1.0,22800.0,1.0,22700.0,1.0,22600.0,1.0,23600.0,0.69,23700.0,1.0,23800.0,1.0,23900.0,1.0,24000.0,1.0,24100.0,1.0,24200.0,1.0,24300.0,1.0,24400.0,1.0,24500.0,1.0
000629.SZ,2020-08-07,09:34:18,23600.0,5300.0,125080000.0,23500.0,1.0,23400.0,1.0,23300.0,1.0,23200.0,1,23100.0,1.0,23000.0,1.0,22900.0,1.0,22800.0,1.0,22700.0,1.0,22600.0,1.0,23600.0,0.64,23700.0,1.0,23800.0,1.0,23900.0,1.0,24000.0,1.0,24100.0,1.0,24200.0,1.0,24300.0,1.0,24400.0,1.0,24500.0,1.0
000629.SZ,2020-08-07,09:34:19,23600.0,2000.0,47000000.0,23500.0,1.0,23400.0,1.0,23300.0,1.0,23200.0,1,23100.0,1.0,23000.0,1.0,22900.0,1.0,22800.0,1.0,22700.0,1.0,22600.0,1.0,23600.0,0.64,23700.0,1.0,23800.0,1.0,23900.0,1.0,24000.0,1.0,24100.0,1.0,24200.0,1.0,24300.0,1.0,24400.0,1.0,24500.0,1.0
000629.SZ,2020-08-07,09:34:20,23500.0,14500.0,342200000.0,23500.0,1.0,23400.0,1.0,23300.0,1.0,23200.0,1,23100.0,1.0,23000.0,1.0,22900.0,1.0,22800.0,1.0,22700.0,1.0,22600.0,1.0,23600.0,0.51,23700.0,1.0,23800.0,1.0,23900.0,1.0,24000.0,1.0,24100.0,1.0,24200.0,1.0,24300.0,1.0,24400.0,1.0,24500.0,1.0
000629.SZ,2020-08-07,09:34:21,23600.0,75600.0,1784764800.0,23600.0,0.0,23500.0,1.0,23400.0,1.0,23300.0,1,23200.0,1.0,23100.0,1.0,23000.0,1.0,22900.0,1.0,22800.0,1.0,22700.0,1.0,23700.0,1.0,23800.0,1.0,23900.0,1.0,24000.0,1.0,24100.0,1.0,24200.0,1.0,24300.0,1.0,24400.0,1.0,24500.0,1.0,24600.0,1.0
000629.SZ,2020-08-07,09:34:22,23700.0,100.0,2360000.0,23600.0,0.03,23500.0,1.0,23400.0,1.0,23300.0,1,23200.0,1.0,23100.0,1.0,23000.0,1.0,22900.0,1.0,22800.0,1.0,22700.0,1.0,23700.0,1.0,23800.0,1.0,23900.0,1.0,24000.0,1.0,24100.0,1.0,24200.0,1.0,24300.0,1.0,24400.0,1.0,24500.0,1.0,24600.0,1.0
000629.SZ,2020-08-07,09:34:23,23600.0,0.0,0.0,23600.0,0.52,23500.0,1.0,23400.0,1.0,23300.0,1,23200.0,1.0,23100.0,1.0,23000.0,1.0,22900.0,1.0,22800.0,1.0,22700.0,1.0,23700.0,1.0,23800.0,1.0,23900.0,1.0,24000.0,1.0,24100.0,1.0,24200.0,1.0,24300.0,1.0,24400.0,1.0,24500.0,1.0,24600.0,1.0
000629.SZ,2020-08-07,09:34:24,23600.0,0.0,0.0,23600.0,0.54,23500.0,1.0,23400.0,1.0,23300.0,1,23200.0,1.0,23100.0,1.0,23000.0,1.0,22900.0,1.0,22800.0,1.0,22700.0,1.0,23700.0,1.0,23800.0,1.0,23900.0,1.0,24000.0,1.0,24100.0,1.0,24200.0,1.0,24300.0,1.0,24400.0,1.0,24500.0,1.0,24600.0,1.0
000629.SZ,2020-08-07,09:34:25,23600.0,79800.0,1881205200.0,23500.0,1.0,23400.0,1.0,23300.0,1.0,23200.0,1,23100.0,1.0,23000.0,1.0,22900.0,1.0,22800.0,1.0,22700.0,1.0,22600.0,1.0,23600.0,1.0,23700.0,1.0,23800.0,1.0,23900.0,1.0,24000.0,1.0,24100.0,1.0,24200.0,1.0,24300.0,1.0,24400.0,1.0,24500.0,1.0
000629.SZ,2020-08-07,09:34:26,23500.0,0.0,0.0,23500.0,1.0,23400.0,1.0,23300.0,1.0,23200.0,1,23100.0,1.0,23000.0,1.0,22900.0,1.0,22800.0,1.0,22700.0,1.0,22600.0,1.0,23600.0,1.0,23700.0,1.0,23800.0,1.0,23900.0,1.0,24000.0,1.0,24100.0,1.0,24200.0,1.0,24300.0,1.0,24400.0,1.0,24500.0,1.0
000629.SZ,2020-08-07,09:34:27,23500.0,20400.0,481440000.0,23500.0,1.0,23400.0,1.0,23300.0,1.0,23200.0,1,23100.0,1.0,23000.0,1.0,22900.0,1.0,22800.0,1.0,22700.0,1.0,22600.0,1.0,23600.0,1.0,23700.0,1.0,23800.0,1.0,23900.0,1.0,24000.0,1.0,24100.0,1.0,24200.0,1.0,24300.0,1.0,24400.0,1.0,24500.0,1.0
000629.SZ,2020-08-07,09:34:28,23600.0,29900.0,705640000.0,23500.0,1.0,23400.0,1.0,23300.0,1.0,23200.0,1,23100.0,1.0,23000.0,1.0,22900.0,1.0,22800.0,1.0,22700.0,1.0,22600.0,1.0,23600.0,0.91,23700.0,1.0,23800.0,1.0,23900.0,1.0,24000.0,1.0,24100.0,1.0,24200.0,1.0,24300.0,1.0,24400.0,1.0,24500.0,1.0
000629.SZ,2020-08-07,09:34:29,23600.0,200.0,4720000.0,23500.0,1.0,23400.0,1.0,23300.0,1.0,23200.0,1,23100.0,1.0,23000.0,1.0,22900.0,1.0,22800.0,1.0,22700.0,1.0,22600.0,1.0,23600.0,1.0,23700.0,1.0,23800.0,1.0,23900.0,1.0,24000.0,1.0,24100.0,1.0,24200.0,1.0,24300.0,1.0,24400.0,1.0,24500.0,1.0
000629.SZ,2020-08-07,09:34:30,23600.0,0.0,0.0,23500.0,1.0,23400.0,1.0,23300.0,1.0,23200.0,1,23100.0,1.0,23000.0,1.0,22900.0,1.0,22800.0,1.0,22700.0,1.0,22600.0,1.0,23600.0,1.0,23700.0,1.0,23800.0,1.0,23900.0,1.0,24000.0,1.0,24100.0,1.0,24200.0,1.0,24300.0,1.0,24400.0,1.0,24500.0,1.0
000629.SZ,2020-08-07,09:34:31,23600.0,0.0,0.0,23500.0,1.0,23400.0,1.0,23300.0,1.0,23200.0,1,23100.0,1.0,23000.0,1.0,22900.0,1.0,22800.0,1.0,22700.0,1.0,22600.0,1.0,23600.0,1.0,23700.0,1.0,23800.0,1.0,23900.0,1.0,24000.0,1.0,24100.0,1.0,24200.0,1.0,24300.0,1.0,24400.0,1.0,24500.0,1.0
000629.SZ,2020-08-07,09:34:32,23600.0,11200.0,264320000.0,23500.0,1.0,23400.0,1.0,23300.0,1.0,23200.0,1,23100.0,1.0,23000.0,1.0,22900.0,1.0,22800.0,1.0,22700.0,1.0,22600.0,1.0,23600.0,1.0,23700.0,1.0,23800.0,1.0,23900.0,1.0,24000.0,1.0,24100.0,1.0,24200.0,1.0,24300.0,1.0,24400.0,1.0,24500.0,1.0
000629.SZ,2020-08-07,09:34:33,23600.0,4300.0,101480000.0,23500.0,1.0,23400.0,1.0,23300.0,1.0,23200.0,1,23100.0,1.0,23000.0,1.0,22900.0,1.0,22800.0,1.0,22700.0,1.0,22600.0,1.0,23600.0,1.0,23700.0,1.0,23800.0,1.0,23900.0,1.0,24000.0,1.0,24100.0,1.0,24200.0,1.0,24300.0,1.0,24400.0,1.0,24500.0,1.0
000629.SZ,2020-08-07,09:34:34,23600.0,5000.0,118000000.0,23500.0,1.0,23400.0,1.0,23300.0,1.0,23200.0,1,23100.0,1.0,23000.0,1.0,22900.0,1.0,22800.0,1.0,22700.0,1.0,22600.0,1.0,23600.0,1.0,23700.0,1.0,23800.0,1.0,23900.0,1.0,24000.0,1.0,24100.0,1.0,24200.0,1.0,24300.0,1.0,24400.0,1.0,24500.0,1.0
000629.SZ,2020-08-07,09:34:35,23600.0,0.0,0.0,23500.0,1.0,23400.0,1.0,23300.0,1.0,23200.0,1,23100.0,1.0,23000.0,1.0,22900.0,1.0,22800.0,1.0,22700.0,1.0,22600.0,1.0,23600.0,1.0,23700.0,1.0,23800.0,1.0,23900.0,1.0,24000.0,1.0,24100.0,1.0,24200.0,1.0,24300.0,1.0,24400.0,1.0,24500.0,1.0
000629.SZ,2020-08-07,09:34:36,23600.0,0.0,0.0,23500.0,1.0,23400.0,1.0,23300.0,1.0,23200.0,1,23100.0,1.0,23000.0,1.0,22900.0,1.0,22800.0,1.0,22700.0,1.0,22600.0,1.0,23600.0,1.0,23700.0,1.0,23800.0,1.0,23900.0,1.0,24000.0,1.0,24100.0,1.0,24200.0,1.0,24300.0,1.0,24400.0,1.0,24500.0,1.0
000629.SZ,2020-08-07,09:34:37,23600.0,5000.0,118000000.0,23500.0,1.0,23400.0,1.0,23300.0,1.0,23200.0,1,23100.0,1.0,23000.0,1.0,22900.0,1.0,22800.0,1.0,22700.0,1.0,22600.0,1.0,23600.0,1.0,23700.0,1.0,23800.0,1.0,23900.0,1.0,24000.0,1.0,24100.0,1.0,24200.0,1.0,24300.0,1.0,24400.0,1.0,24500.0,1.0
000629.SZ,2020-08-07,09:34:38,23600.0,900.0,21150000.0,23500.0,1.0,23400.0,1.0,23300.0,1.0,23200.0,1,23100.0,1.0,23000.0,1.0,22900.0,1.0,22800.0,1.0,22700.0,1.0,22600.0,1.0,23600.0,1.0,23700.0,1.0,23800.0,1.0,23900.0,1.0,24000.0,1.0,24100.0,1.0,24200.0,1.0,24300.0,1.0,24400.0,1.0,24500.0,1.0
000629.SZ,2020-08-07,09:34:39,23500.0,2300.0,54050000.0,23500.0,1.0,23400.0,1.0,23300.0,1.0,23200.0,1,23100.0,1.0,23000.0,1.0,22900.0,1.0,22800.0,1.0,22700.0,1.0,22600.0,1.0,23600.0,1.0,23700.0,1.0,23800.0,1.0,23900.0,1.0,24000.0,1.0,24100.0,1.0,24200.0,1.0,24300.0,1.0,24400.0,1.0,24500.0,1.0
000629.SZ,2020-08-07,09:34:40,23500.0,50100.0,1182309900.0,23500.0,1.0,23400.0,1.0,23300.0,1.0,23200.0,1,23100.0,1.0,23000.0,1.0,22900.0,1.0,22800.0,1.0,22700.0,1.0,22600.0,1.0,23600.0,1.0,23700.0,1.0,23800.0,1.0,23900.0,1.0,24000.0,1.0,24100.0,1.0,24200.0,1.0,24300.0,1.0,24400.0,1.0,24500.0,1.0
000629.SZ,2020-08-07,09:34:41,23600.0,0.0,0.0,23500.0,1.0,23400.0,1.0,23300.0,1.0,23200.0,1,23100.0,1.0,23000.0,1.0,22900.0,1.0,22800.0,1.0,22700.0,1.0,22600.0,1.0,23600.0,1.0,23700.0,1.0,23800.0,1.0,23900.0,1.0,24000.0,1.0,24100.0,1.0,24200.0,1.0,24300.0,1.0,24400.0,1.0,24500.0,1.0
000629.SZ,2020-08-07,09:34:42,23600.0,0.0,0.0,23500.0,1.0,23400.0,1.0,23300.0,1.0,23200.0,1,23100.0,1.0,23000.0,1.0,22900.0,1.0,22800.0,1.0,22700.0,1.0,22600.0,1.0,23600.0,1.0,23700.0,1.0,23800.0,1.0,23900.0,1.0,24000.0,1.0,24100.0,1.0,24200.0,1.0,24300.0,1.0,24400.0,1.0,24500.0,1.0
000629.SZ,2020-08-07,09:34:43,23600.0,0.0,0.0,23500.0,1.0,23400.0,1.0,23300.0,1.0,23200.0,1,23100.0,1.0,23000.0,1.0,22900.0,1.0,22800.0,1.0,22700.0,1.0,22600.0,1.0,23600.0,1.0,23700.0,1.0,23800.0,1.0,23900.0,1.0,24000.0,1.0,24100.0,1.0,24200.0,1.0,24300.0,1.0,24400.0,1.0,24500.0,1.0
000629.SZ,2020-08-07,09:34:44,23600.0,1300.0,30550000.0,23500.0,1.0,23400.0,1.0,23300.0,1.0,23200.0,1,23100.0,1.0,23000.0,1.0,22900.0,1.0,22800.0,1.0,22700.0,1.0,22600.0,1.0,23600.0,1.0,23700.0,1.0,23800.0,1.0,23900.0,1.0,24000.0,1.0,24100.0,1.0,24200.0,1.0,24300.0,1.0,24400.0,1.0,24500.0,1.0
000629.SZ,2020-08-07,09:34:45,23500.0,0.0,0.0,23500.0,1.0,23400.0,1.0,23300.0,1.0,23200.0,1,23100.0,1.0,23000.0,1.0,22900.0,1.0,22800.0,1.0,22700.0,1.0,22600.0,1.0,23600.0,1.0,23700.0,1.0,23800.0,1.0,23900.0,1.0,24000.0,1.0,24100.0,1.0,24200.0,1.0,24300.0,1.0,24400.0,1.0,24500.0,1.0
000629.SZ,2020-08-07,09:34:46,23500.0,300.0,7080000.0,23500.0,1.0,23400.0,1.0,23300.0,1.0,23200.0,1,23100.0,1.0,23000.0,1.0,22900.0,1.0,22800.0,1.0,22700.0,1.0,22600.0,1.0,23600.0,1.0,23700.0,1.0,23800.0,1.0,23900.0,1.0,24000.0,1.0,24100.0,1.0,24200.0,1.0,24300.0,1.0,24400.0,1.0,24500.0,1.0
000629.SZ,2020-08-07,09:34:47,23600.0,10000.0,235000000.0,23500.0,1.0,23400.0,1.0,23300.0,1.0,23200.0,1,23100.0,1.0,23000.0,1.0,22900.0,1.0,22800.0,1.0,22700.0,1.0,22600.0,1.0,23600.0,1.0,23700.0,1.0,23800.0,1.0,23900.0,1.0,24000.0,1.0,24100.0,1.0,24200.0,1.0,24300.0,1.0,24400.0,1.0,24500.0,1.0
000629.SZ,2020-08-07,09:34:48,23500.0,22800.0,537760800.0,23500.0,1.0,23400.0,1.0,23300.0,1.0,23200.0,1,23100.0,1.0,23000.0,1.0,22900.0,1.0,22800.0,1.0,22700.0,1.0,22600.0,1.0,23600.0,1.0,23700.0,1.0,23800.0,1.0,23900.0,1.0,24000.0,1.0,24100.0,1.0,24200.0,1.0,24300.0,1.0,24400.0,1.0,24500.0,1.0
000629.SZ,2020-08-07,09:34:49,23600.0,0.0,0.0,23500.0,1.0,23400.0,1.0,23300.0,1.0,23200.0,1,23100.0,1.0,23000.0,1.0,22900.0,1.0,22800.0,1.0,22700.0,1.0,22600.0,1.0,23600.0,1.0,23700.0,1.0,23800.0,1.0,23900.0,1.0,24000.0,1.0,24100.0,1.0,24200.0,1.0,24300.0,1.0,24400.0,1.0,24500.0,1.0
000629.SZ,2020-08-07,09:34:50,23600.0,8600.0,202100000.0,23500.0,1.0,23400.0,1.0,23300.0,1.0,23200.0,1,23100.0,1.0,23000.0,1.0,22900.0,1.0,22800.0,1.0,22700.0,1.0,22600.0,1.0,23600.0,1.0,23700.0,1.0,23800.0,1.0,23900.0,1.0,24000.0,1.0,24100.0,1.0,24200.0,1.0,24300.0,1.0,24400.0,1.0,24500.0,1.0
000629.SZ,2020-08-07,09:34:51,23500.0,400.0,9440000.0,23500.0,1.0,23400.0,1.0,23300.0,1.0,23200.0,1,23100.0,1.0,23000.0,1.0,22900.0,1.0,22800.0,1.0,22700.0,1.0,22600.0,1.0,23600.0,1.0,23700.0,1.0,23800.0,1.0,23900.0,1.0,24000.0,1.0,24100.0,1.0,24200.0,1.0,24300.0,1.0,24400.0,1.0,24500.0,1.0
000629.SZ,2020-08-07,09:34:52,23600.0,0.0,0.0,23500.0,1.0,23400.0,1.0,23300.0,1.0,23200.0,1,23100.0,1.0,23000.0,1.0,22900.0,1.0,22800.0,1.0,22700.0,1.0,22600.0,1.0,23600.0,1.0,23700.0,1.0,23800.0,1.0,23900.0,1.0,24000.0,1.0,24100.0,1.0,24200.0,1.0,24300.0,1.0,24400.0,1.0,24500.0,1.0
000629.SZ,2020-08-07,09:34:53,23600.0,0.0,0.0,23500.0,1.0,23400.0,1.0,23300.0,1.0,23200.0,1,23100.0,1.0,23000.0,1.0,22900.0,1.0,22800.0,1.0,22700.0,1.0,22600.0,1.0,23600.0,1.0,23700.0,1.0,23800.0,1.0,23900.0,1.0,24000.0,1.0,24100.0,1.0,24200.0,1.0,24300.0,1.0,24400.0,1.0,24500.0,1.0
000629.SZ,2020-08-07,09:34:54,23600.0,3600.0,84960000.0,23500.0,1.0,23400.0,1.0,23300.0,1.0,23200.0,1,23100.0,1.0,23000.0,1.0,22900.0,1.0,22800.0,1.0,22700.0,1.0,22600.0,1.0,23600.0,1.0,23700.0,1.0,23800.0,1.0,23900.0,1.0,24000.0,1.0,24100.0,1.0,24200.0,1.0,24300.0,1.0,24400.0,1.0,24500.0,1.0
000629.SZ,2020-08-07,09:34:55,23600.0,0.0,0.0,23500.0,1.0,23400.0,1.0,23300.0,1.0,23200.0,1,23100.0,1.0,23000.0,1.0,22900.0,1.0,22800.0,1.0,22700.0,1.0,22600.0,1.0,23600.0,1.0,23700.0,1.0,23800.0,1.0,23900.0,1.0,24000.0,1.0,24100.0,1.0,24200.0,1.0,24300.0,1.0,24400.0,1.0,24500.0,1.0
000629.SZ,2020-08-07,09:34:56,23600.0,21800.0,512321800.0,23500.0,1.0,23400.0,1.0,23300.0,1.0,23200.0,1,23100.0,1.0,23000.0,1.0,22900.0,1.0,22800.0,1.0,22700.0,1.0,22600.0,1.0,23600.0,1.0,23700.0,1.0,23800.0,1.0,23900.0,1.0,24000.0,1.0,24100.0,1.0,24200.0,1.0,24300.0,1.0,24400.0,1.0,24500.0,1.0
000629.SZ,2020-08-07,09:34:57,23600.0,10000.0,236000000.0,23500.0,1.0,23400.0,1.0,23300.0,1.0,23200.0,1,23100.0,1.0,23000.0,1.0,22900.0,1.0,22800.0,1.0,22700.0,1.0,22600.0,1.0,23600.0,1.0,23700.0,1.0,23800.0,1.0,23900.0,1.0,24000.0,1.0,24100.0,1.0,24200.0,1.0,24300.0,1.0,24400.0,1.0,24500.0,1.0
000629.SZ,2020-08-07,09:34:58,23600.0,0.0,0.0,23500.0,1.0,23400.0,1.0,23300.0,1.0,23200.0,1,23100.0,1.0,23000.0,1.0,22900.0,1.0,22800.0,1.0,22700.0,1.0,22600.0,1.0,23600.0,1.0,23700.0,1.0,23800.0,1.0,23900.0,1.0,24000.0,1.0,24100.0,1.0,24200.0,1.0,24300.0,1.0,24400.0,1.0,24500.0,1.0
000629.SZ,2020-08-07,09:34:59,23600.0,200.0,4720000.0,23500.0,1.0,23400.0,1.0,23300.0,1.0,23200.0,1,23100.0,1.0,23000.0,1.0,22900.0,1.0,22800.0,1.0,22700.0,1.0,22600.0,1.0,23600.0,1.0,23700.0,1.0,23800.0,1.0,23900.0,1.0,24000.0,1.0,24100.0,1.0,24200.0,1.0,24300.0,1.0,24400.0,1.0,24500.0,1.0
000629.SZ,2020-08-07,09:35:00,23600.0,14600.0,344560000.0,23500.0,1.0,23400.0,1.0,23300.0,1.0,23200.0,1,23100.0,1.0,23000.0,1.0,22900.0,1.0,22800.0,1.0,22700.0,1.0,22600.0,1.0,23600.0,1.0,23700.0,1.0,23800.0,1.0,23900.0,1.0,24000.0,1.0,24100.0,1.0,24200.0,1.0,24300.0,1.0,24400.0,1.0,24500.0,1.0
000629.SZ,2020-08-07,09:35:01,23600.0,0.0,0.0,23500.0,1.0,23400.0,1.0,23300.0,1.0,23200.0,1,23100.0,1.0,23000.0,1.0,22900.0,1.0,22800.0,1.0,22700.0,1.0,22600.0,1.0,23600.0,1.0,23700.0,1.0,23800.0,1.0,23900.0,1.0,24000.0,1.0,24100.0,1.0,24200.0,1.0,24300.0,1.0,24400.0,1.0,24500.0,1.0
000629.SZ,2020-08-07,09:35:02,23600.0,100.0,2360000.0,23500.0,1.0,23400.0,1.0,23300.0,1.0,23200.0,1,23100.0,1.0,23000.0,1.0,22900.0,1.0,22800.0,1.0,22700.0,1.0,22600.0,1.0,23600.0,1.0,23700.0,1.0,23800.0,1.0,23900.0,1.0,24000.0,1.0,24100.0,1.0,24200.0,1.0,24300.0,1.0,24400.0,1.0,24500.0,1.0
000629.SZ,2020-08-07,09:35:03,23600.0,1400.0,32900000.0,23500.0,1.0,23400.0,1.0,23300.0,1.0,23200.0,1,23100.0,1.0,23000.0,1.0,22900.0,1.0,22800.0,1.0,22700.0,1.0,22600.0,1.0,23600.0,1.0,23700.0,1.0,23800.0,1.0,23900.0,1.0,24000.0,1.0,24100.0,1.0,24200.0,1.0,24300.0,1.0,24400.0,1.0,24500.0,1.0
000629.SZ,2020-08-07,09:35:04,23500.0,0.0,0.0,23500.0,1.0,23400.0,1.0,23300.0,1.0,23200.0,1,23100.0,1.0,23000.0,1.0,22900.0,1.0,22800.0,1.0,22700.0,1.0,22600.0,1.0,23600.0,1.0,23700.0,1.0,23800.0,1.0,23900.0,1.0,24000.0,1.0,24100.0,1.0,24200.0,1.0,24300.0,1.0,24400.0,1.0,24500.0,1.0
000629.SZ,2020-08-07,09:35:05,23500.0,20800.0,489403200.0,23500.0,1.0,23400.0,1.0,23300.0,1.0,23200.0,1,23100.0,1.0,23000.0,1.0,22900.0,1.0,22800.0,1.0,22700.0,1.0,22600.0,1.0,23600.0,1.0,23700.0,1.0,23800.0,1.0,23900.0,1.0,24000.0,1.0,24100.0,1.0,24200.0,1.0,24300.0,1.0,24400.0,1.0,24500.0,1.0
000629.SZ,2020-08-07,09:35:06,23500.0,0.0,0.0,23500.0,1.0,23400.0,1.0,23300.0,1.0,23200.0,1,23100.0,1.0,23000.0,1.0,22900.0,1.0,22800.0,1.0,22700.0,1.0,22600.0,1.0,23600.0,1.0,23700.0,1.0,23800.0,1.0,23900.0,1.0,24000.0,1.0,24100.0,1.0,24200.0,1.0,24300.0,1.0,24400.0,1.0,24500.0,1.0
000629.SZ,2020-08-07,09:35:07,23500.0,8400.0,198240000.0,23500.0,1.0,23400.0,1.0,23300.0,1.0,23200.0,1,23100.0,1.0,23000.0,1.0,22900.0,1.0,22800.0,1.0,22700.0,1.0,22600.0,1.0,23600.0,1.0,23700.0,1.0,23800.0,1.0,23900.0,1.0,24000.0,1.0,24100.0,1.0,24200.0,1.0,24300.0,1.0,24400.0,1.0,24500.0,1.0
000629.SZ,2020-08-07,09:35:08,23600.0,0.0,0.0,23500.0,1.0,23400.0,1.0,23300.0,1.0,23200.0,1,23100.0,1.0,23000.0,1.0,22900.0,1.0,22800.0,1.0,22700.0,1.0,22600.0,1.0,23600.0,1.0,23700.0,1.0,23800.0,1.0,23900.0,1.0,24000.0,1.0,24100.0,1.0,24200.0,1.0,24300.0,1.0,24400.0,1.0,24500.0,1.0
000629.SZ,2020-08-07,09:35:09,23600.0,12400.0,291400000.0,23500.0,1.0,23400.0,1.0,23300.0,1.0,23200.0,1,23100.0,1.0,23000.0,1.0,22900.0,1.0,22800.0,1.0,22700.0,1.0,22600.0,1.0,23600.0,1.0,23700.0,1.0,23800.0,1.0,23900.0,1.0,24000.0,1.0,24100.0,1.0,24200.0,1.0,24300.0,1.0,24400.0,1.0,24500.0,1.0
000629.SZ,2020-08-07,09:35:10,23500.0,0.0,0.0,23500.0,1.0,23400.0,1.0,23300.0,1.0,23200.0,1,23100.0,1.0,23000.0,1.0,22900.0,1.0,22800.0,1.0,22700.0,1.0,22600.0,1.0,23600.0,1.0,23700.0,1.0,23800.0,1.0,23900.0,1.0,24000.0,1.0,24100.0,1.0,24200.0,1.0,24300.0,1.0,24400.0,1.0,24500.0,1.0
000629.SZ,2020-08-07,09:35:11,23500.0,900.0,21150000.0,23500.0,1.0,23400.0,1.0,23300.0,1.0,23200.0,1,23100.0,1.0,23000.0,1.0,22900.0,1.0,22800.0,1.0,22700.0,1.0,22600.0,1.0,23600.0,1.0,23700.0,1.0,23800.0,1.0,23900.0,1.0,24000.0,1.0,24100.0,1.0,24200.0,1.0,24300.0,1.0,24400.0,1.0,24500.0,1.0
000629.SZ,2020-08-07,09:35:12,23500.0,100.0,2360000.0,23500.0,1.0,23400.0,1.0,23300.0,1.0,23200.0,1,23100.0,1.0,23000.0,1.0,22900.0,1.0,22800.0,1.0,22700.0,1.0,22600.0,1.0,23600.0,1.0,23700.0,1.0,23800.0,1.0,23900.0,1.0,24000.0,1.0,24100.0,1.0,24200.0,1.0,24300.0,1.0,24400.0,1.0,24500.0,1.0
000629.SZ,2020-08-07,09:35:13,23600.0,19000.0,448400000.0,23500.0,1.0,23400.0,1.0,23300.0,1.0,23200.0,1,23100.0,1.0,23000.0,1.0,22900.0,1.0,22800.0,1.0,22700.0,1.0,22600.0,1.0,23600.0,1.0,23700.0,1.0,23800.0,1.0,23900.0,1.0,24000.0,1.0,24100.0,1.0,24200.0,1.0,24300.0,1.0,24400.0,1.0,24500.0,1.0
000629.SZ,2020-08-07,09:35:14,23600.0,49000.0,1155959000.0,23500.0,1.0,23400.0,1.0,23300.0,1.0,23200.0,1,23100.0,1.0,23000.0,1.0,22900.0,1.0,22800.0,1.0,22700.0,1.0,22600.0,1.0,23600.0,1.0,23700.0,1.0,23800.0,1.0,23900.0,1.0,24000.0,1.0,24100.0,1.0,24200.0,1.0,24300.0,1.0,24400.0,1.0,24500.0,1.0
000629.SZ,2020-08-07,09:35:15,23500.0,18500.0,434750000.0,23500.0,1.0,23400.0,1.0,23300.0,1.0,23200.0,1,23100.0,1.0,23000.0,1.0,22900.0,1.0,22800.0,1.0,22700.0,1.0,22600.0,1.0,23600.0,1.0,23700.0,1.0,23800.0,1.0,23900.0,1.0,24000.0,1.0,24100.0,1.0,24200.0,1.0,24300.0,1.0,24400.0,1.0,24500.0,1.0
000629.SZ,2020-08-07,09:35:16,23500.0,13000.0,305500000.0,23500.0,1.0,23400.0,1.0,23300.0,1.0,23200.0,1,23100.0,1.0,23000.0,1.0,22900.0,1.0,22800.0,1.0,22700.0,1.0,22600.0,1.0,23600.0,1.0,23700.0,1.0,23800.0,1.0,23900.0,1.0,24000.0,1.0,24100.0,1.0,24200.0,1.0,24300.0,1.0,24400.0,1.0,24500.0,1.0
000629.SZ,2020-08-07,09:35:17,23500.0,1400.0,32900000.0,23500.0,1.0,23400.0,1.0,23300.0,1.0,23200.0,1,23100.0,1.0,23000.0,1.0,22900.0,1.0,22800.0,1.0,22700.0,1.0,22600.0,1.0,23600.0,1.0,23700.0,1.0,23800.0,1.0,23900.0,1.0,24000.0,1.0,24100.0,1.0,24200.0,1.0,24300.0,1.0,24400.0,1.0,24500.0,1.0
000629.SZ,2020-08-07,09:35:18,23500.0,0.0,0.0,23500.0,1.0,23400.0,1.0,23300.0,1.0,23200.0,1,23100.0,1.0,23000.0,1.0,22900.0,1.0,22800.0,1.0,22700.0,1.0,22600.0,1.0,23600.0,1.0,23700.0,1.0,23800.0,1.0,23900.0,1.0,24000.0,1.0,24100.0,1.0,24200.0,1.0,24300.0,1.0,24400.0,1.0,24500.0,1.0
000629.SZ,2020-08-07,09:35:19,23500.0,1400.0,32939200.0,23500.0,1.0,23400.0,1.0,23300.0,1.0,23200.0,1,23100.0,1.0,23000.0,1.0,22900.0,1.0,22800.0,1.0,22700.0,1.0,22600.0,1.0,23600.0,1.0,23700.0,1.0,23800.0,1.0,23900.0,1.0,24000.0,1.0,24100.0,1.0,24200.0,1.0,24300.0,1.0,24400.0,1.0,24500.0,1.0
000629.SZ,2020-08-07,09:35:20,23600.0,0.0,0.0,23500.0,1.0,23400.0,1.0,23300.0,1.0,23200.0,1,23100.0,1.0,23000.0,1.0,22900.0,1.0,22800.0,1.0,22700.0,1.0,22600.0,1.0,23600.0,1.0,23700.0,1.0,23800.0,1.0,23900.0,1.0,24000.0,1.0,24100.0,1.0,24200.0,1.0,24300.0,1.0,24400.0,1.0,24500.0,1.0
000629.SZ,2020-08-07,09:35:21,23600.0,0.0,0.0,23500.0,1.0,23400.0,1.0,23300.0,1.0,23200.0,1,23100.0,1.0,23000.0,1.0,22900.0,1.0,22800.0,1.0,22700.0,1.0,22600.0,1.0,23600.0,1.0,23700.0,1.0,23800.0,1.0,23900.0,1.0,24000.0,1.0,24100.0,1.0,24200.0,1.0,24300.0,1.0,24400.0,1.0,24500.0,1.0
000629.SZ,2020-08-07,09:35:22,23600.0,900.0,21240000.0,23500.0,1.0,23400.0,1.0,23300.0,1.0,23200.0,1,23100.0,1.0,23000.0,1.0,22900.0,1.0,22800.0,1.0,22700.0,1.0,22600.0,1.0,23600.0,1.0,23700.0,1.0,23800.0,1.0,23900.0,1.0,24000.0,1.0,24100.0,1.0,24200.0,1.0,24300.0,1.0,24400.0,1.0,24500.0,1.0
000629.SZ,2020-08-07,09:35:23,23600.0,28200.0,662700000.0,23500.0,1.0,23400.0,1.0,23300.0,1.0,23200.0,1,23100.0,1.0,23000.0,1.0,22900.0,1.0,22800.0,1.0,22700.0,1.0,22600.0,1.0,23600.0,1.0,23700.0,1.0,23800.0,1.0,23900.0,1.0,24000.0,1.0,24100.0,1.0,24200.0,1.0,24300.0,1.0,24400.0,1.0,24500.0,1.0
000629.SZ,2020-08-07,09:35:24,23500.0,20000.0,470000000.0,23500.0,1.0,23400.0,1.0,23300.0,1.0,23200.0,1,23100.0,1.0,23000.0,1.0,22900.0,1.0,22800.0,1.0,22700.0,1.0,22600.0,1.0,23600.0,1.0,23700.0,1.0,23800.0,1.0,23900.0,1.0,24000.0,1.0,24100.0,1.0,24200.0,1.0,24300.0,1.0,24400.0,1.0,24500.0,1.0
000629.SZ,2020-08-07,09:35:25,23500.0,500.0,11790000.0,23500.0,1.0,23400.0,1.0,23300.0,1.0,23200.0,1,23100.0,1.0,23000.0,1.0,22900.0,1.0,22800.0,1.0,22700.0,1.0,22600.0,1.0,23600.0,1.0,23700.0,1.0,23800.0,1.0,23900.0,1.0,24000.0,1.0,24100.0,1.0,24200.0,1.0,24300.0,1.0,24400.0,1.0,24500.0,1.0
000629.SZ,2020-08-07,09:35:26,23600.0,0.0,0.0,23500.0,1.0,23400.0,1.0,23300.0,1.0,23200.0,1,23100.0,1.0,23000.0,1.0,22900.0,1.0,22800.0,1.0,22700.0,1.0,22600.0,1.0,23600.0,1.0,23700.0,1.0,23800.0,1.0,23900.0,1.0,24000.0,1.0,24100.0,1.0,24200.0,1.0,24300.0,1.0,24400.0,1.0,24500.0,1.0
000629.SZ,2020-08-07,09:35:27,23600.0,2200.0,51779200.0,23500.0,1.0,23400.0,1.0,23300.0,1.0,23200.0,1,23100.0,1.0,23000.0,1.0,22900.0,1.0,22800.0,1.0,22700.0,1.0,22600.0,1.0,23600.0,1.0,23700.0,1.0,23800.0,1.0,23900.0,1.0,24000.0,1.0,24100.0,1.0,24200.0,1.0,24300.0,1.0,24400.0,1.0,24500.0,1.0
000629.SZ,2020-08-07,09:35:28,23500.0,4800.0,113280000.0,23500.0,1.0,23400.0,1.0,23300.0,1.0,23200.0,1,23100.0,1.0,23000.0,1.0,22900.0,1.0,22800.0,1.0,22700.0,1.0,22600.0,1.0,23600.0,1.0,23700.0,1.0,23800.0,1.0,23900.0,1.0,24000.0,1.0,24100.0,1.0,24200.0,1.0,24300.0,1.0,24400.0,1.0,24500.0,1.0
000629.SZ,2020-08-07,09:35:29,23600.0,0.0,0.0,23500.0,1.0,23400.0,1.0,23300.0,1.0,23200.0,1,23100.0,1.0,23000.0,1.0,22900.0,1.0,22800.0,1.0,22700.0,1.0,22600.0,1.0,23600.0,1.0,23700.0,1.0,23800.0,1.0,23900.0,1.0,24000.0,1.0,24100.0,1.0,24200.0,1.0,24300.0,1.0,24400.0,1.0,24500.0,1.0
000629.SZ,2020-08-07,09:35:30,23600.0,0.0,0.0,23500.0,1.0,23400.0,1.0,23300.0,1.0,23200.0,1,23100.0,1.0,23000.0,1.0,22900.0,1.0,22800.0,1.0,22700.0,1.0,22600.0,1.0,23600.0,1.0,23700.0,1.0,23800.0,1.0,23900.0,1.0,24000.0,1.0,24100.0,1.0,24200.0,1.0,24300.0,1.0,24400.0,1.0,24500.0,1.0
000629.SZ,2020-08-07,09:35:31,23600.0,27400.0,646640000.0,23500.0,1.0,23400.0,1.0,23300.0,1.0,23200.0,1,23100.0,1.0,23000.0,1.0,22900.0,1.0,22800.0,1.0,22700.0,1.0,22600.0,1.0,23600.0,1.0,23700.0,1.0,23800.0,1.0,23900.0,1.0,24000.0,1.0,24100.0,1.0,24200.0,1.0,24300.0,1.0,24400.0,1.0,24500.0,1.0
000629.SZ,2020-08-07,09:35:32,23600.0,10300.0,242369300.0,23500.0,1.0,23400.0,1.0,23300.0,1.0,23200.0,1,23100.0,1.0,23000.0,1.0,22900.0,1.0,22800.0,1.0,22700.0,1.0,22600.0,1.0,23600.0,1.0,23700.0,1.0,23800.0,1.0,23900.0,1.0,24000.0,1.0,24100.0,1.0,24200.0,1.0,24300.0,1.0,24400.0,1.0,24500.0,1.0
000629.SZ,2020-08-07,09:35:33,23500.0,1200.0,28320000.0,23500.0,1.0,23400.0,1.0,23300.0,1.0,23200.0,1,23100.0,1.0,23000.0,1.0,22900.0,1.0,22800.0,1.0,22700.0,1.0,22600.0,1.0,23600.0,1.0,23700.0,1.0,23800.0,1.0,23900.0,1.0,24000.0,1.0,24100.0,1.0,24200.0,1.0,24300.0,1.0,24400.0,1.0,24500.0,1.0
000629.SZ,2020-08-07,09:35:34,23600.0,2500.0,58750000.0,23500.0,1.0,23400.0,1.0,23300.0,1.0,23200.0,1,23100.0,1.0,23000.0,1.0,22900.0,1.0,22800.0,1.0,22700.0,1.0,22600.0,1.0,23600.0,1.0,23700.0,1.0,23800.0,1.0,23900.0,1.0,24000.0,1.0,24100.0,1.0,24200.0,1.0,24300.0,1.0,24400.0,1.0,24500.0,1.0
000629.SZ,2020-08-07,09:35:35,23500.0,0.0,0.0,23500.0,1.0,23400.0,1.0,23300.0,1.0,23200.0,1,23100.0,1.0,23000.0,1.0,22900.0,1.0,22800.0,1.0,22700.0,1.0,22600.0,1.0,23600.0,1.0,23700.0,1.0,23800.0,1.0,23900.0,1.0,24000.0,1.0,24100.0,1.0,24200.0,1.0,24300.0,1.0,24400.0,1.0,24500.0,1.0
000629.SZ,2020-08-07,09:35:36,23500.0,0.0,0.0,23500.0,1.0,23400.0,1.0,23300.0,1.0,23200.0,1,23100.0,1.0,23000.0,1.0,22900.0,1.0,22800.0,1.0,22700.0,1.0,22600.0,1.0,23600.0,1.0,23700.0,1.0,23800.0,1.0,23900.0,1.0,24000.0,1.0,24100.0,1.0,24200.0,1.0,24300.0,1.0,24400.0,1.0,24500.0,1.0
000629.SZ,2020-08-07,09:35:37,23500.0,1400.0,32900000.0,23500.0,1.0,23400.0,1.0,23300.0,1.0,23200.0,1,23100.0,1.0,23000.0,1.0,22900.0,1.0,22800.0,1.0,22700.0,1.0,22600.0,1.0,23600.0,1.0,23700.0,1.0,23800.0,1.0,23900.0,1.0,24000.0,1.0,24100.0,1.0,24200.0,1.0,24300.0,1.0,24400.0,1.0,24500.0,1.0
000629.SZ,2020-08-07,09:35:38,23500.0,13000.0,305617000.0,23500.0,1.0,23400.0,1.0,23300.0,1.0,23200.0,1,23100.0,1.0,23000.0,1.0,22900.0,1.0,22800.0,1.0,22700.0,1.0,22600.0,1.0,23600.0,1.0,23700.0,1.0,23800.0,1.0,23900.0,1.0,24000.0,1.0,24100.0,1.0,24200.0,1.0,24300.0,1.0,24400.0,1.0,24500.0,1.0
000629.SZ,2020-08-07,09:35:39,23500.0,13600.0,320960000.0,23500.0,1.0,23400.0,1.0,23300.0,1.0,23200.0,1,23100.0,1.0,23000.0,1.0,22900.0,1.0,22800.0,1.0,22700.0,1.0,22600.0,1.0,23600.0,1.0,23700.0,1.0,23800.0,1.0,23900.0,1.0,24000.0,1.0,24100.0,1.0,24200.0,1.0,24300.0,1.0,24400.0,1.0,24500.0,1.0
000629.SZ,2020-08-07,09:35:40,23600.0,10000.0,235000000.0,23500.0,1.0,23400.0,1.0,23300.0,1.0,23200.0,1,23100.0,1.0,23000.0,1.0,22900.0,1.0,22800.0,1.0,22700.0,1.0,22600.0,1.0,23600.0,1.0,23700.0,1.0,23800.0,1.0,23900.0,1.0,24000.0,1.0,24100.0,1.0,24200.0,1.0,24300.0,1.0,24400.0,1.0,24500.0,1.0
