StockCode,DataDate,UpdateTime,LastPrice,Volume,turnover,BidPrice1,BidVolume1,BidPrice2,BidVolume2,BidPrice3,BidVolume3,BidPrice4,BidVolume4,BidPrice5,BidVolume5,BidPrice6,BidVolume6,BidPrice7,BidVolume7,BidPrice8,BidVolume8,BidPrice9,BidVolume9,BidPrice10,BidVolume10,AskPrice1,AskVolume1,AskPrice2,AskVolume2,AskPrice3,AskVolume3,AskPrice4,AskVolume4,AskPrice5,AskVolume5,AskPrice6,AskVolume6,AskPrice7,AskVolume7,AskPrice8,AskVolume8,AskPrice9,AskVolume9,AskPrice10,AskVolume10
000629.SZ,2020-08-11,09:30:01,23100.0,129200.0,2971600000.0,23000.0,0.91,22900.0,0.52,22800.0,1.0,22700.0,1,22600.0,1.0,22500.0,1.0,22400.0,0.21,22200.0,0.14,21300.0,0.01,21000.0,0.01,23100.0,1.0,23200.0,0.91,23300.0,0.5,23400.0,0.89,23500.0,0.12,23600.0,0.27,23700.0,0.18,23800.0,0.12,23900.0,0.19,24000.0,0.08
000629.SZ,2020-08-11,09:30:02,23100.0,150200.0,3455050600.0,23000.0,1.0,22900.0,0.61,22800.0,1.0,22700.0,1,22600.0,1.0,22500.0,1.0,22400.0,0.22,22200.0,0.17,21300.0,0.01,21000.0,0.01,23100.0,1.0,23200.0,1.0,23300.0,1.0,23400.0,1.0,23500.0,0.47,23600.0,1.0,23700.0,0.53,23800.0,0.27,23900.0,0.2,24000.0,0.12
000629.SZ,2020-08-11,09:30:03,23000.0,20100.0,464289900.0,23000.0,1.0,22900.0,0.67,22800.0,1.0,22700.0,1,22600.0,1.0,22500.0,1.0,22400.0,0.22,22200.0,0.17,21300.0,0.01,21000.0,0.01,23100.0,1.0,23200.0,1.0,23300.0,1.0,23400.0,1.0,23500.0,0.53,23600.0,1.0,23700.0,1.0,23800.0,0.64,23900.0,0.3,24000.0,1.0
000629.SZ,2020-08-11,09:30:04,23100.0,111000.0,2563323000.0,23000.0,1.0,22900.0,0.86,22800.0,1.0,22700.0,1,22600.0,1.0,22500.0,1.0,22400.0,0.22,22200.0,0.17,22000.0,0.6,21800.0,0.04,23100.0,1.0,23200.0,1.0,23300.0,1.0,23400.0,1.0,23500.0,1.0,23600.0,1.0,23700.0,1.0,23800.0,1.0,23900.0,0.65,24000.0,1.0
000629.SZ,2020-08-11,09:30:05,23100.0,43200.0,996580800.0,23000.0,1.0,22900.0,0.99,22800.0,1.0,22700.0,1,22600.0,1.0,22500.0,1.0,22400.0,0.22,22200.0,0.17,22000.0,0.6,21800.0,0.04,23100.0,1.0,23200.0,1.0,23300.0,1.0,23400.0,1.0,23500.0,1.0,23600.0,1.0,23700.0,1.0,23800.0,1.0,23900.0,1.0,24000.0,1.0
000629.SZ,2020-08-11,09:30:06,23000.0,95800.0,2205124400.0,23000.0,1.0,22900.0,1.0,22800.0,1.0,22700.0,1,22600.0,1.0,22500.0,1.0,22400.0,0.22,22200.0,0.2,22000.0,0.6,21800.0,0.04,23100.0,1.0,23200.0,1.0,23300.0,1.0,23400.0,1.0,23500.0,1.0,23600.0,1.0,23700.0,1.0,23800.0,1.0,23900.0,1.0,24000.0,1.0
000629.SZ,2020-08-11,09:30:07,23100.0,19400.0,447189400.0,23000.0,1.0,22900.0,1.0,22800.0,1.0,22700.0,1,22600.0,1.0,22500.0,1.0,22400.0,0.22,22300.0,0.1,22200.0,0.2,22000.0,0.6,23100.0,1.0,23200.0,1.0,23300.0,1.0,23400.0,1.0,23500.0,1.0,23600.0,1.0,23700.0,1.0,23800.0,1.0,23900.0,1.0,24000.0,1.0
000629.SZ,2020-08-11,09:30:08,23000.0,1200.0,27600000.0,23000.0,1.0,22900.0,1.0,22800.0,1.0,22700.0,1,22600.0,1.0,22500.0,1.0,22400.0,0.27,22300.0,0.15,22200.0,0.2,22000.0,0.6,23100.0,1.0,23200.0,1.0,23300.0,1.0,23400.0,1.0,23500.0,1.0,23600.0,1.0,23700.0,1.0,23800.0,1.0,23900.0,1.0,24000.0,1.0
000629.SZ,2020-08-11,09:30:09,23000.0,40200.0,928579800.0,23000.0,1.0,22900.0,1.0,22800.0,1.0,22700.0,1,22600.0,1.0,22500.0,1.0,22400.0,0.32,22300.0,0.15,22200.0,0.2,22000.0,0.6,23100.0,1.0,23200.0,1.0,23300.0,1.0,23400.0,1.0,23500.0,1.0,23600.0,1.0,23700.0,1.0,23800.0,1.0,23900.0,1.0,24000.0,1.0
000629.SZ,2020-08-11,09:30:10,23000.0,30100.0,695009000.0,23000.0,1.0,22900.0,1.0,22800.0,1.0,22700.0,1,22600.0,1.0,22500.0,1.0,22400.0,0.83,22300.0,0.15,22200.0,0.2,22000.0,0.6,23100.0,1.0,23200.0,1.0,23300.0,1.0,23400.0,1.0,23500.0,1.0,23600.0,1.0,23700.0,1.0,23800.0,1.0,23900.0,1.0,24000.0,1.0
000629.SZ,2020-08-11,09:30:11,23100.0,0.0,0.0,23000.0,1.0,22900.0,1.0,22800.0,1.0,22700.0,1,22600.0,1.0,22500.0,1.0,22400.0,0.83,22300.0,0.15,22200.0,0.2,22000.0,0.6,23100.0,1.0,23200.0,1.0,23300.0,1.0,23400.0,1.0,23500.0,1.0,23600.0,1.0,23700.0,1.0,23800.0,1.0,23900.0,1.0,24000.0,1.0
000629.SZ,2020-08-11,09:30:12,23100.0,12300.0,284080800.0,23000.0,1.0,22900.0,1.0,22800.0,1.0,22700.0,1,22600.0,1.0,22500.0,1.0,22400.0,0.83,22300.0,0.15,22200.0,0.2,22000.0,0.6,23100.0,1.0,23200.0,1.0,23300.0,1.0,23400.0,1.0,23500.0,1.0,23600.0,1.0,23700.0,1.0,23800.0,1.0,23900.0,1.0,24000.0,1.0
000629.SZ,2020-08-11,09:30:13,23000.0,107200.0,2466136000.0,22900.0,1.0,22800.0,1.0,22700.0,1.0,22600.0,1,22500.0,1.0,22400.0,0.83,22300.0,0.15,22200.0,0.2,22000.0,0.6,21800.0,0.04,23000.0,0.75,23100.0,1.0,23200.0,1.0,23300.0,1.0,23400.0,1.0,23500.0,1.0,23600.0,1.0,23700.0,1.0,23800.0,1.0,23900.0,1.0
000629.SZ,2020-08-11,09:30:14,23000.0,0.0,0.0,22900.0,1.0,22800.0,1.0,22700.0,1.0,22600.0,1,22500.0,1.0,22400.0,0.83,22300.0,0.15,22200.0,0.2,22000.0,0.6,21800.0,0.04,23000.0,0.75,23100.0,1.0,23200.0,1.0,23300.0,1.0,23400.0,1.0,23500.0,1.0,23600.0,1.0,23700.0,1.0,23800.0,1.0,23900.0,1.0
000629.SZ,2020-08-11,09:30:15,23000.0,0.0,0.0,22900.0,1.0,22800.0,1.0,22700.0,1.0,22600.0,1,22500.0,1.0,22400.0,0.83,22300.0,0.15,22200.0,0.2,22000.0,0.6,21800.0,0.04,23000.0,0.77,23100.0,1.0,23200.0,1.0,23300.0,1.0,23400.0,1.0,23500.0,1.0,23600.0,1.0,23700.0,1.0,23800.0,1.0,23900.0,1.0
000629.SZ,2020-08-11,09:30:16,23000.0,3600.0,82800000.0,22900.0,1.0,22800.0,1.0,22700.0,1.0,22600.0,1,22500.0,1.0,22400.0,0.83,22300.0,0.15,22200.0,0.2,22000.0,0.6,21800.0,0.04,23000.0,0.94,23100.0,1.0,23200.0,1.0,23300.0,1.0,23400.0,1.0,23500.0,1.0,23600.0,1.0,23700.0,1.0,23800.0,1.0,23900.0,1.0
000629.SZ,2020-08-11,09:30:17,23000.0,200.0,4590000.0,22900.0,1.0,22800.0,1.0,22700.0,1.0,22600.0,1,22500.0,1.0,22400.0,0.83,22300.0,0.15,22200.0,0.2,22000.0,0.6,21800.0,0.04,23000.0,1.0,23100.0,1.0,23200.0,1.0,23300.0,1.0,23400.0,1.0,23500.0,1.0,23600.0,1.0,23700.0,1.0,23800.0,1.0,23900.0,1.0
000629.SZ,2020-08-11,09:30:18,22900.0,300.0,6879900.0,22900.0,1.0,22800.0,1.0,22700.0,1.0,22600.0,1,22500.0,1.0,22400.0,0.83,22300.0,0.15,22200.0,0.2,22000.0,0.6,21800.0,0.04,23000.0,1.0,23100.0,1.0,23200.0,1.0,23300.0,1.0,23400.0,1.0,23500.0,1.0,23600.0,1.0,23700.0,1.0,23800.0,1.0,23900.0,1.0
000629.SZ,2020-08-11,09:30:19,23000.0,300.0,6900000.0,22900.0,1.0,22800.0,1.0,22700.0,1.0,22600.0,1,22500.0,1.0,22400.0,0.83,22300.0,0.15,22200.0,0.2,22000.0,0.6,21800.0,0.04,23000.0,1.0,23100.0,1.0,23200.0,1.0,23300.0,1.0,23400.0,1.0,23500.0,1.0,23600.0,1.0,23700.0,1.0,23800.0,1.0,23900.0,1.0
000629.SZ,2020-08-11,09:30:20,23000.0,200.0,4600000.0,22900.0,1.0,22800.0,1.0,22700.0,1.0,22600.0,1,22500.0,1.0,22400.0,0.83,22300.0,0.15,22200.0,0.2,22000.0,0.6,21800.0,0.04,23000.0,1.0,23100.0,1.0,23200.0,1.0,23300.0,1.0,23400.0,1.0,23500.0,1.0,23600.0,1.0,23700.0,1.0,23800.0,1.0,23900.0,1.0
000629.SZ,2020-08-11,09:30:21,23000.0,3000.0,69000000.0,22900.0,1.0,22800.0,1.0,22700.0,1.0,22600.0,1,22500.0,1.0,22400.0,0.83,22300.0,0.15,22200.0,0.2,22000.0,0.6,21800.0,0.04,23000.0,1.0,23100.0,1.0,23200.0,1.0,23300.0,1.0,23400.0,1.0,23500.0,1.0,23600.0,1.0,23700.0,1.0,23800.0,1.0,23900.0,1.0
000629.SZ,2020-08-11,09:30:22,23000.0,0.0,0.0,22900.0,1.0,22800.0,1.0,22700.0,1.0,22600.0,1,22500.0,1.0,22400.0,0.83,22300.0,0.15,22200.0,0.23,22000.0,0.6,21800.0,0.04,23000.0,1.0,23100.0,1.0,23200.0,1.0,23300.0,1.0,23400.0,1.0,23500.0,1.0,23600.0,1.0,23700.0,1.0,23800.0,1.0,23900.0,1.0
000629.SZ,2020-08-11,09:30:23,23000.0,400.0,9200000.0,22900.0,1.0,22800.0,1.0,22700.0,1.0,22600.0,1,22500.0,1.0,22400.0,0.83,22300.0,0.15,22200.0,0.23,22000.0,0.6,21800.0,0.04,23000.0,1.0,23100.0,1.0,23200.0,1.0,23300.0,1.0,23400.0,1.0,23500.0,1.0,23600.0,1.0,23700.0,1.0,23800.0,1.0,23900.0,1.0
000629.SZ,2020-08-11,09:30:24,23000.0,0.0,0.0,22900.0,1.0,22800.0,1.0,22700.0,1.0,22600.0,1,22500.0,1.0,22400.0,0.83,22300.0,0.15,22200.0,0.23,22000.0,0.6,21800.0,0.04,23000.0,1.0,23100.0,1.0,23200.0,1.0,23300.0,1.0,23400.0,1.0,23500.0,1.0,23600.0,1.0,23700.0,1.0,23800.0,1.0,23900.0,1.0
000629.SZ,2020-08-11,09:30:25,23000.0,300.0,6900000.0,22900.0,1.0,22800.0,1.0,22700.0,1.0,22600.0,1,22500.0,1.0,22400.0,0.83,22300.0,0.15,22200.0,0.23,22000.0,0.6,21800.0,0.04,23000.0,1.0,23100.0,1.0,23200.0,1.0,23300.0,1.0,23400.0,1.0,23500.0,1.0,23600.0,1.0,23700.0,1.0,23800.0,1.0,23900.0,1.0
000629.SZ,2020-08-11,09:30:26,23000.0,0.0,0.0,22900.0,1.0,22800.0,1.0,22700.0,1.0,22600.0,1,22500.0,1.0,22400.0,0.83,22300.0,0.21,22200.0,0.23,22000.0,0.6,21800.0,0.04,23000.0,1.0,23100.0,1.0,23200.0,1.0,23300.0,1.0,23400.0,1.0,23500.0,1.0,23600.0,1.0,23700.0,1.0,23800.0,1.0,23900.0,1.0
000629.SZ,2020-08-11,09:30:27,23000.0,3800.0,87020000.0,22900.0,1.0,22800.0,1.0,22700.0,1.0,22600.0,1,22500.0,1.0,22400.0,0.83,22300.0,0.21,22200.0,0.23,22000.0,0.6,21800.0,0.04,23000.0,1.0,23100.0,1.0,23200.0,1.0,23300.0,1.0,23400.0,1.0,23500.0,1.0,23600.0,1.0,23700.0,1.0,23800.0,1.0,23900.0,1.0
000629.SZ,2020-08-11,09:30:28,22900.0,6700.0,154100000.0,22900.0,1.0,22800.0,1.0,22700.0,1.0,22600.0,1,22500.0,1.0,22400.0,0.83,22300.0,0.21,22200.0,0.23,22000.0,0.6,21800.0,0.04,23000.0,1.0,23100.0,1.0,23200.0,1.0,23300.0,1.0,23400.0,1.0,23500.0,1.0,23600.0,1.0,23700.0,1.0,23800.0,1.0,23900.0,1.0
000629.SZ,2020-08-11,09:30:29,23000.0,20680.0,473572000.0,22900.0,1.0,22800.0,1.0,22700.0,1.0,22600.0,1,22500.0,1.0,22400.0,0.83,22300.0,0.21,22200.0,0.23,22000.0,0.6,21800.0,0.04,23000.0,1.0,23100.0,1.0,23200.0,1.0,23300.0,1.0,23400.0,1.0,23500.0,1.0,23600.0,1.0,23700.0,1.0,23800.0,1.0,23900.0,1.0
000629.SZ,2020-08-11,09:30:30,22900.0,0.0,0.0,22900.0,1.0,22800.0,1.0,22700.0,1.0,22600.0,1,22500.0,1.0,22400.0,0.83,22300.0,0.21,22200.0,0.23,22000.0,0.6,21800.0,0.04,23000.0,1.0,23100.0,1.0,23200.0,1.0,23300.0,1.0,23400.0,1.0,23500.0,1.0,23600.0,1.0,23700.0,1.0,23800.0,1.0,23900.0,1.0
000629.SZ,2020-08-11,09:30:31,22900.0,5700.0,130569900.0,22900.0,1.0,22800.0,1.0,22700.0,1.0,22600.0,1,22500.0,1.0,22400.0,0.83,22300.0,0.21,22200.0,0.23,22000.0,0.6,21800.0,0.04,23000.0,1.0,23100.0,1.0,23200.0,1.0,23300.0,1.0,23400.0,1.0,23500.0,1.0,23600.0,1.0,23700.0,1.0,23800.0,1.0,23900.0,1.0
000629.SZ,2020-08-11,09:30:32,22900.0,700.0,16100000.0,22900.0,1.0,22800.0,1.0,22700.0,1.0,22600.0,1,22500.0,1.0,22400.0,0.83,22300.0,0.21,22200.0,0.23,22000.0,0.6,21800.0,0.04,23000.0,1.0,23100.0,1.0,23200.0,1.0,23300.0,1.0,23400.0,1.0,23500.0,1.0,23600.0,1.0,23700.0,1.0,23800.0,1.0,23900.0,1.0
000629.SZ,2020-08-11,09:30:33,23000.0,3300.0,75570000.0,22900.0,1.0,22800.0,1.0,22700.0,1.0,22600.0,1,22500.0,1.0,22400.0,0.83,22300.0,0.21,22200.0,0.23,22000.0,0.6,21800.0,0.04,23000.0,1.0,23100.0,1.0,23200.0,1.0,23300.0,1.0,23400.0,1.0,23500.0,1.0,23600.0,1.0,23700.0,1.0,23800.0,1.0,23900.0,1.0
000629.SZ,2020-08-11,09:30:34,22900.0,2700.0,62100000.0,22900.0,1.0,22800.0,1.0,22700.0,1.0,22600.0,1,22500.0,1.0,22400.0,0.83,22300.0,0.21,22200.0,0.23,22000.0,0.6,21800.0,0.04,23000.0,1.0,23100.0,1.0,23200.0,1.0,23300.0,1.0,23400.0,1.0,23500.0,1.0,23600.0,1.0,23700.0,1.0,23800.0,1.0,23900.0,1.0
000629.SZ,2020-08-11,09:30:35,23000.0,500.0,11450000.0,22900.0,1.0,22800.0,1.0,22700.0,1.0,22600.0,1,22500.0,1.0,22400.0,0.83,22300.0,0.21,22200.0,0.23,22000.0,0.6,21800.0,0.04,23000.0,1.0,23100.0,1.0,23200.0,1.0,23300.0,1.0,23400.0,1.0,23500.0,1.0,23600.0,1.0,23700.0,1.0,23800.0,1.0,23900.0,1.0
000629.SZ,2020-08-11,09:30:36,22900.0,0.0,0.0,22900.0,1.0,22800.0,1.0,22700.0,1.0,22600.0,1,22500.0,1.0,22400.0,0.83,22300.0,1.0,22200.0,0.23,22000.0,0.6,21800.0,0.04,23000.0,1.0,23100.0,1.0,23200.0,1.0,23300.0,1.0,23400.0,1.0,23500.0,1.0,23600.0,1.0,23700.0,1.0,23800.0,1.0,23900.0,1.0
000629.SZ,2020-08-11,09:30:37,22900.0,900.0,20700000.0,22900.0,1.0,22800.0,1.0,22700.0,1.0,22600.0,1,22500.0,1.0,22400.0,0.83,22300.0,1.0,22200.0,0.23,22000.0,0.6,21800.0,0.04,23000.0,1.0,23100.0,1.0,23200.0,1.0,23300.0,1.0,23400.0,1.0,23500.0,1.0,23600.0,1.0,23700.0,1.0,23800.0,1.0,23900.0,1.0
000629.SZ,2020-08-11,09:30:38,23000.0,0.0,0.0,22900.0,1.0,22800.0,1.0,22700.0,1.0,22600.0,1,22500.0,1.0,22400.0,0.83,22300.0,1.0,22200.0,0.23,22000.0,0.6,21800.0,0.04,23000.0,1.0,23100.0,1.0,23200.0,1.0,23300.0,1.0,23400.0,1.0,23500.0,1.0,23600.0,1.0,23700.0,1.0,23800.0,1.0,23900.0,1.0
000629.SZ,2020-08-11,09:30:39,23000.0,3500.0,80150000.0,22900.0,1.0,22800.0,1.0,22700.0,1.0,22600.0,1,22500.0,1.0,22400.0,0.83,22300.0,1.0,22200.0,0.23,22000.0,0.6,21800.0,0.04,23000.0,1.0,23100.0,1.0,23200.0,1.0,23300.0,1.0,23400.0,1.0,23500.0,1.0,23600.0,1.0,23700.0,1.0,23800.0,1.0,23900.0,1.0
000629.SZ,2020-08-11,09:30:40,22900.0,0.0,0.0,22900.0,1.0,22800.0,1.0,22700.0,1.0,22600.0,1,22500.0,1.0,22400.0,0.83,22300.0,1.0,22200.0,0.23,22000.0,0.6,21800.0,0.04,23000.0,1.0,23100.0,1.0,23200.0,1.0,23300.0,1.0,23400.0,1.0,23500.0,1.0,23600.0,1.0,23700.0,1.0,23800.0,1.0,23900.0,1.0
000629.SZ,2020-08-11,09:30:41,22900.0,0.0,0.0,22900.0,1.0,22800.0,1.0,22700.0,1.0,22600.0,1,22500.0,1.0,22400.0,0.83,22300.0,1.0,22200.0,0.23,22000.0,0.6,21800.0,0.04,23000.0,1.0,23100.0,1.0,23200.0,1.0,23300.0,1.0,23400.0,1.0,23500.0,1.0,23600.0,1.0,23700.0,1.0,23800.0,1.0,23900.0,1.0
000629.SZ,2020-08-11,09:30:42,22900.0,0.0,0.0,22900.0,1.0,22800.0,1.0,22700.0,1.0,22600.0,1,22500.0,1.0,22400.0,0.83,22300.0,1.0,22200.0,0.23,22000.0,0.6,21800.0,0.04,23000.0,1.0,23100.0,1.0,23200.0,1.0,23300.0,1.0,23400.0,1.0,23500.0,1.0,23600.0,1.0,23700.0,1.0,23800.0,1.0,23900.0,1.0
000629.SZ,2020-08-11,09:30:43,22900.0,400.0,9200000.0,22900.0,1.0,22800.0,1.0,22700.0,1.0,22600.0,1,22500.0,1.0,22400.0,0.83,22300.0,1.0,22200.0,0.23,22000.0,0.6,21800.0,0.04,23000.0,1.0,23100.0,1.0,23200.0,1.0,23300.0,1.0,23400.0,1.0,23500.0,1.0,23600.0,1.0,23700.0,1.0,23800.0,1.0,23900.0,1.0
000629.SZ,2020-08-11,09:30:44,23000.0,0.0,0.0,22900.0,1.0,22800.0,1.0,22700.0,1.0,22600.0,1,22500.0,1.0,22400.0,0.83,22300.0,1.0,22200.0,0.23,22000.0,0.6,21800.0,0.04,23000.0,1.0,23100.0,1.0,23200.0,1.0,23300.0,1.0,23400.0,1.0,23500.0,1.0,23600.0,1.0,23700.0,1.0,23800.0,1.0,23900.0,1.0
000629.SZ,2020-08-11,09:30:45,23000.0,0.0,0.0,22900.0,1.0,22800.0,1.0,22700.0,1.0,22600.0,1,22500.0,1.0,22400.0,0.83,22300.0,1.0,22200.0,0.23,22000.0,0.6,21800.0,0.04,23000.0,1.0,23100.0,1.0,23200.0,1.0,23300.0,1.0,23400.0,1.0,23500.0,1.0,23600.0,1.0,23700.0,1.0,23800.0,1.0,23900.0,1.0
000629.SZ,2020-08-11,09:30:46,23000.0,0.0,0.0,22900.0,1.0,22800.0,1.0,22700.0,1.0,22600.0,1,22500.0,1.0,22400.0,0.83,22300.0,1.0,22200.0,0.23,22000.0,0.6,21800.0,0.04,23000.0,1.0,23100.0,1.0,23200.0,1.0,23300.0,1.0,23400.0,1.0,23500.0,1.0,23600.0,1.0,23700.0,1.0,23800.0,1.0,23900.0,1.0
000629.SZ,2020-08-11,09:30:47,23000.0,0.0,0.0,22900.0,1.0,22800.0,1.0,22700.0,1.0,22600.0,1,22500.0,1.0,22400.0,0.83,22300.0,1.0,22200.0,0.23,22000.0,0.6,21800.0,0.04,23000.0,1.0,23100.0,1.0,23200.0,1.0,23300.0,1.0,23400.0,1.0,23500.0,1.0,23600.0,1.0,23700.0,1.0,23800.0,1.0,23900.0,1.0
000629.SZ,2020-08-11,09:30:48,23000.0,600.0,13740000.0,22900.0,1.0,22800.0,1.0,22700.0,1.0,22600.0,1,22500.0,1.0,22400.0,0.83,22300.0,1.0,22200.0,0.23,22000.0,0.6,21800.0,0.04,23000.0,1.0,23100.0,1.0,23200.0,1.0,23300.0,1.0,23400.0,1.0,23500.0,1.0,23600.0,1.0,23700.0,1.0,23800.0,1.0,23900.0,1.0
000629.SZ,2020-08-11,09:30:49,22900.0,100.0,2290000.0,22900.0,1.0,22800.0,1.0,22700.0,1.0,22600.0,1,22500.0,1.0,22400.0,0.83,22300.0,1.0,22200.0,0.23,22000.0,0.6,21800.0,0.04,23000.0,1.0,23100.0,1.0,23200.0,1.0,23300.0,1.0,23400.0,1.0,23500.0,1.0,23600.0,1.0,23700.0,1.0,23800.0,1.0,23900.0,1.0
000629.SZ,2020-08-11,09:30:50,22900.0,19000.0,437000000.0,22900.0,1.0,22800.0,1.0,22700.0,1.0,22600.0,1,22500.0,1.0,22400.0,0.83,22300.0,1.0,22200.0,0.23,22000.0,0.6,21800.0,0.04,23000.0,1.0,23100.0,1.0,23200.0,1.0,23300.0,1.0,23400.0,1.0,23500.0,1.0,23600.0,1.0,23700.0,1.0,23800.0,1.0,23900.0,1.0
000629.SZ,2020-08-11,09:30:51,23000.0,0.0,0.0,22900.0,1.0,22800.0,1.0,22700.0,1.0,22600.0,1,22500.0,1.0,22400.0,0.83,22300.0,1.0,22200.0,0.23,22000.0,0.6,21800.0,0.04,23000.0,1.0,23100.0,1.0,23200.0,1.0,23300.0,1.0,23400.0,1.0,23500.0,1.0,23600.0,1.0,23700.0,1.0,23800.0,1.0,23900.0,1.0
000629.SZ,2020-08-11,09:30:52,23000.0,100.0,2300000.0,22900.0,1.0,22800.0,1.0,22700.0,1.0,22600.0,1,22500.0,1.0,22400.0,0.83,22300.0,1.0,22200.0,0.23,22000.0,0.6,21800.0,0.04,23000.0,1.0,23100.0,1.0,23200.0,1.0,23300.0,1.0,23400.0,1.0,23500.0,1.0,23600.0,1.0,23700.0,1.0,23800.0,1.0,23900.0,1.0
000629.SZ,2020-08-11,09:30:53,23000.0,0.0,0.0,22900.0,1.0,22800.0,1.0,22700.0,1.0,22600.0,1,22500.0,1.0,22400.0,0.83,22300.0,1.0,22200.0,0.23,22000.0,0.6,21800.0,0.04,23000.0,1.0,23100.0,1.0,23200.0,1.0,23300.0,1.0,23400.0,1.0,23500.0,1.0,23600.0,1.0,23700.0,1.0,23800.0,1.0,23900.0,1.0
000629.SZ,2020-08-11,09:30:54,23000.0,0.0,0.0,22900.0,1.0,22800.0,1.0,22700.0,1.0,22600.0,1,22500.0,1.0,22400.0,0.83,22300.0,1.0,22200.0,0.23,22000.0,0.6,21800.0,0.04,23000.0,1.0,23100.0,1.0,23200.0,1.0,23300.0,1.0,23400.0,1.0,23500.0,1.0,23600.0,1.0,23700.0,1.0,23800.0,1.0,23900.0,1.0
000629.SZ,2020-08-11,09:30:55,23000.0,1900.0,43700000.0,22900.0,1.0,22800.0,1.0,22700.0,1.0,22600.0,1,22500.0,1.0,22400.0,0.83,22300.0,1.0,22200.0,0.23,22000.0,0.6,21800.0,0.04,23000.0,1.0,23100.0,1.0,23200.0,1.0,23300.0,1.0,23400.0,1.0,23500.0,1.0,23600.0,1.0,23700.0,1.0,23800.0,1.0,23900.0,1.0
000629.SZ,2020-08-11,09:30:56,23000.0,100.0,2290000.0,22900.0,1.0,22800.0,1.0,22700.0,1.0,22600.0,1,22500.0,1.0,22400.0,0.83,22300.0,1.0,22200.0,0.23,22000.0,0.6,21800.0,0.04,23000.0,1.0,23100.0,1.0,23200.0,1.0,23300.0,1.0,23400.0,1.0,23500.0,1.0,23600.0,1.0,23700.0,1.0,23800.0,1.0,23900.0,1.0
000629.SZ,2020-08-11,09:30:57,22900.0,9700.0,222130000.0,22900.0,1.0,22800.0,1.0,22700.0,1.0,22600.0,1,22500.0,1.0,22400.0,0.83,22300.0,1.0,22200.0,0.23,22000.0,0.6,21800.0,0.04,23000.0,1.0,23100.0,1.0,23200.0,1.0,23300.0,1.0,23400.0,1.0,23500.0,1.0,23600.0,1.0,23700.0,1.0,23800.0,1.0,23900.0,1.0
000629.SZ,2020-08-11,09:30:58,22900.0,200.0,4580000.0,22900.0,1.0,22800.0,1.0,22700.0,1.0,22600.0,1,22500.0,1.0,22400.0,0.83,22300.0,1.0,22200.0,0.23,22000.0,0.6,21800.0,0.04,23000.0,1.0,23100.0,1.0,23200.0,1.0,23300.0,1.0,23400.0,1.0,23500.0,1.0,23600.0,1.0,23700.0,1.0,23800.0,1.0,23900.0,1.0
000629.SZ,2020-08-11,09:30:59,22900.0,100.0,2290000.0,22900.0,1.0,22800.0,1.0,22700.0,1.0,22600.0,1,22500.0,1.0,22400.0,0.83,22300.0,1.0,22200.0,0.23,22000.0,0.6,21800.0,0.04,23000.0,1.0,23100.0,1.0,23200.0,1.0,23300.0,1.0,23400.0,1.0,23500.0,1.0,23600.0,1.0,23700.0,1.0,23800.0,1.0,23900.0,1.0
000629.SZ,2020-08-11,09:31:00,22900.0,7700.0,176330000.0,22900.0,1.0,22800.0,1.0,22700.0,1.0,22600.0,1,22500.0,1.0,22400.0,0.83,22300.0,1.0,22200.0,0.23,22000.0,0.6,21800.0,0.04,23000.0,1.0,23100.0,1.0,23200.0,1.0,23300.0,1.0,23400.0,1.0,23500.0,1.0,23600.0,1.0,23700.0,1.0,23800.0,1.0,23900.0,1.0
000629.SZ,2020-08-11,09:31:01,22900.0,1100.0,25300000.0,22900.0,1.0,22800.0,1.0,22700.0,1.0,22600.0,1,22500.0,1.0,22400.0,0.83,22300.0,1.0,22200.0,0.23,22000.0,0.6,21800.0,0.04,23000.0,1.0,23100.0,1.0,23200.0,1.0,23300.0,1.0,23400.0,1.0,23500.0,1.0,23600.0,1.0,23700.0,1.0,23800.0,1.0,23900.0,1.0
000629.SZ,2020-08-11,09:31:02,23000.0,1800.0,41400000.0,22900.0,1.0,22800.0,1.0,22700.0,1.0,22600.0,1,22500.0,1.0,22400.0,0.83,22300.0,1.0,22200.0,0.23,22000.0,0.6,21800.0,0.04,23000.0,1.0,23100.0,1.0,23200.0,1.0,23300.0,1.0,23400.0,1.0,23500.0,1.0,23600.0,1.0,23700.0,1.0,23800.0,1.0,23900.0,1.0
000629.SZ,2020-08-11,09:31:03,23000.0,700.0,16100000.0,22900.0,1.0,22800.0,1.0,22700.0,1.0,22600.0,1,22500.0,1.0,22400.0,0.83,22300.0,1.0,22200.0,0.23,22000.0,0.6,21800.0,0.04,23000.0,1.0,23100.0,1.0,23200.0,1.0,23300.0,1.0,23400.0,1.0,23500.0,1.0,23600.0,1.0,23700.0,1.0,23800.0,1.0,23900.0,1.0
000629.SZ,2020-08-11,09:31:04,23000.0,1000.0,23000000.0,22900.0,1.0,22800.0,1.0,22700.0,1.0,22600.0,1,22500.0,1.0,22400.0,0.83,22300.0,1.0,22200.0,0.23,22000.0,0.68,21800.0,0.04,23000.0,1.0,23100.0,1.0,23200.0,1.0,23300.0,1.0,23400.0,1.0,23500.0,1.0,23600.0,1.0,23700.0,1.0,23800.0,1.0,23900.0,1.0
000629.SZ,2020-08-11,09:31:05,23000.0,500.0,11500000.0,22900.0,1.0,22800.0,1.0,22700.0,1.0,22600.0,1,22500.0,1.0,22400.0,0.83,22300.0,1.0,22200.0,0.23,22000.0,0.68,21800.0,0.04,23000.0,1.0,23100.0,1.0,23200.0,1.0,23300.0,1.0,23400.0,1.0,23500.0,1.0,23600.0,1.0,23700.0,1.0,23800.0,1.0,23900.0,1.0
000629.SZ,2020-08-11,09:31:06,23000.0,0.0,0.0,22900.0,1.0,22800.0,1.0,22700.0,1.0,22600.0,1,22500.0,1.0,22400.0,0.83,22300.0,1.0,22200.0,0.23,22000.0,0.68,21800.0,0.04,23000.0,1.0,23100.0,1.0,23200.0,1.0,23300.0,1.0,23400.0,1.0,23500.0,1.0,23600.0,1.0,23700.0,1.0,23800.0,1.0,23900.0,1.0
000629.SZ,2020-08-11,09:31:07,23000.0,22200.0,508380000.0,22900.0,1.0,22800.0,1.0,22700.0,1.0,22600.0,1,22500.0,1.0,22400.0,0.83,22300.0,1.0,22200.0,0.23,22000.0,0.68,21800.0,0.04,23000.0,1.0,23100.0,1.0,23200.0,1.0,23300.0,1.0,23400.0,1.0,23500.0,1.0,23600.0,1.0,23700.0,1.0,23800.0,1.0,23900.0,1.0
000629.SZ,2020-08-11,09:31:08,22900.0,20000.0,458000000.0,22900.0,1.0,22800.0,1.0,22700.0,1.0,22600.0,1,22500.0,1.0,22400.0,0.83,22300.0,1.0,22200.0,0.24,22000.0,0.68,21800.0,0.04,23000.0,1.0,23100.0,1.0,23200.0,1.0,23300.0,1.0,23400.0,1.0,23500.0,1.0,23600.0,1.0,23700.0,1.0,23800.0,1.0,23900.0,1.0
000629.SZ,2020-08-11,09:31:09,22900.0,200.0,4580000.0,22900.0,1.0,22800.0,1.0,22700.0,1.0,22600.0,1,22500.0,1.0,22400.0,0.83,22300.0,1.0,22200.0,0.24,22000.0,0.68,21800.0,0.04,23000.0,1.0,23100.0,1.0,23200.0,1.0,23300.0,1.0,23400.0,1.0,23500.0,1.0,23600.0,1.0,23700.0,1.0,23800.0,1.0,23900.0,1.0
000629.SZ,2020-08-11,09:31:10,22900.0,500.0,11460000.0,22900.0,1.0,22800.0,1.0,22700.0,1.0,22600.0,1,22500.0,1.0,22400.0,0.83,22300.0,1.0,22200.0,0.24,22000.0,0.68,21800.0,0.04,23000.0,1.0,23100.0,1.0,23200.0,1.0,23300.0,1.0,23400.0,1.0,23500.0,1.0,23600.0,1.0,23700.0,1.0,23800.0,1.0,23900.0,1.0
000629.SZ,2020-08-11,09:31:11,22900.0,0.0,0.0,22900.0,1.0,22800.0,1.0,22700.0,1.0,22600.0,1,22500.0,1.0,22400.0,0.83,22300.0,1.0,22200.0,0.24,22000.0,0.68,21800.0,0.04,23000.0,1.0,23100.0,1.0,23200.0,1.0,23300.0,1.0,23400.0,1.0,23500.0,1.0,23600.0,1.0,23700.0,1.0,23800.0,1.0,23900.0,1.0
000629.SZ,2020-08-11,09:31:12,22900.0,0.0,0.0,22900.0,1.0,22800.0,1.0,22700.0,1.0,22600.0,1,22500.0,1.0,22400.0,0.83,22300.0,1.0,22200.0,0.24,22000.0,0.72,21800.0,0.04,23000.0,1.0,23100.0,1.0,23200.0,1.0,23300.0,1.0,23400.0,1.0,23500.0,1.0,23600.0,1.0,23700.0,1.0,23800.0,1.0,23900.0,1.0
000629.SZ,2020-08-11,09:31:13,22900.0,0.0,0.0,22900.0,1.0,22800.0,1.0,22700.0,1.0,22600.0,1,22500.0,1.0,22400.0,0.83,22300.0,1.0,22200.0,0.24,22000.0,0.72,21900.0,0.02,23000.0,1.0,23100.0,1.0,23200.0,1.0,23300.0,1.0,23400.0,1.0,23500.0,1.0,23600.0,1.0,23700.0,1.0,23800.0,1.0,23900.0,1.0
000629.SZ,2020-08-11,09:31:14,22900.0,4200.0,96600000.0,22900.0,1.0,22800.0,1.0,22700.0,1.0,22600.0,1,22500.0,1.0,22400.0,0.83,22300.0,1.0,22200.0,0.24,22000.0,0.77,21900.0,0.02,23000.0,1.0,23100.0,1.0,23200.0,1.0,23300.0,1.0,23400.0,1.0,23500.0,1.0,23600.0,1.0,23700.0,1.0,23800.0,1.0,23900.0,1.0
000629.SZ,2020-08-11,09:31:15,23000.0,0.0,0.0,22900.0,1.0,22800.0,1.0,22700.0,1.0,22600.0,1,22500.0,1.0,22400.0,0.83,22300.0,1.0,22200.0,0.24,22000.0,0.77,21900.0,0.02,23000.0,1.0,23100.0,1.0,23200.0,1.0,23300.0,1.0,23400.0,1.0,23500.0,1.0,23600.0,1.0,23700.0,1.0,23800.0,1.0,23900.0,1.0
000629.SZ,2020-08-11,09:31:16,23000.0,14100.0,322890000.0,22900.0,1.0,22800.0,1.0,22700.0,1.0,22600.0,1,22500.0,1.0,22400.0,0.83,22300.0,1.0,22200.0,0.24,22000.0,0.77,21900.0,0.02,23000.0,1.0,23100.0,1.0,23200.0,1.0,23300.0,1.0,23400.0,1.0,23500.0,1.0,23600.0,1.0,23700.0,1.0,23800.0,1.0,23900.0,1.0
000629.SZ,2020-08-11,09:31:17,22900.0,0.0,0.0,22900.0,1.0,22800.0,1.0,22700.0,1.0,22600.0,1,22500.0,1.0,22400.0,0.83,22300.0,1.0,22200.0,0.24,22000.0,0.77,21900.0,0.02,23000.0,1.0,23100.0,1.0,23200.0,1.0,23300.0,1.0,23400.0,1.0,23500.0,1.0,23600.0,1.0,23700.0,1.0,23800.0,1.0,23900.0,1.0
000629.SZ,2020-08-11,09:31:18,22900.0,0.0,0.0,22900.0,1.0,22800.0,1.0,22700.0,1.0,22600.0,1,22500.0,1.0,22400.0,0.83,22300.0,1.0,22200.0,0.24,22000.0,0.77,21900.0,0.02,23000.0,1.0,23100.0,1.0,23200.0,1.0,23300.0,1.0,23400.0,1.0,23500.0,1.0,23600.0,1.0,23700.0,1.0,23800.0,1.0,23900.0,1.0
000629.SZ,2020-08-11,09:31:19,22900.0,58100.0,1334034100.0,22900.0,1.0,22800.0,1.0,22700.0,1.0,22600.0,1,22500.0,1.0,22400.0,0.83,22300.0,1.0,22200.0,0.24,22000.0,0.77,21900.0,0.02,23000.0,1.0,23100.0,1.0,23200.0,1.0,23300.0,1.0,23400.0,1.0,23500.0,1.0,23600.0,1.0,23700.0,1.0,23800.0,1.0,23900.0,1.0
000629.SZ,2020-08-11,09:31:20,22900.0,100.0,2300000.0,22900.0,1.0,22800.0,1.0,22700.0,1.0,22600.0,1,22500.0,1.0,22400.0,0.83,22300.0,1.0,22200.0,0.24,22000.0,0.77,21900.0,0.02,23000.0,1.0,23100.0,1.0,23200.0,1.0,23300.0,1.0,23400.0,1.0,23500.0,1.0,23600.0,1.0,23700.0,1.0,23800.0,1.0,23900.0,1.0
000629.SZ,2020-08-11,09:31:21,23000.0,0.0,0.0,22900.0,1.0,22800.0,1.0,22700.0,1.0,22600.0,1,22500.0,1.0,22400.0,0.83,22300.0,1.0,22200.0,0.24,22000.0,0.77,21900.0,0.02,23000.0,1.0,23100.0,1.0,23200.0,1.0,23300.0,1.0,23400.0,1.0,23500.0,1.0,23600.0,1.0,23700.0,1.0,23800.0,1.0,23900.0,1.0
000629.SZ,2020-08-11,09:31:22,23000.0,4000.0,92000000.0,22900.0,1.0,22800.0,1.0,22700.0,1.0,22600.0,1,22500.0,1.0,22400.0,0.83,22300.0,1.0,22200.0,0.24,22000.0,0.77,21900.0,0.02,23000.0,1.0,23100.0,1.0,23200.0,1.0,23300.0,1.0,23400.0,1.0,23500.0,1.0,23600.0,1.0,23700.0,1.0,23800.0,1.0,23900.0,1.0
000629.SZ,2020-08-11,09:31:23,23000.0,5000.0,115000000.0,22900.0,1.0,22800.0,1.0,22700.0,1.0,22600.0,1,22500.0,1.0,22400.0,0.83,22300.0,1.0,22200.0,0.24,22000.0,0.77,21900.0,0.02,23000.0,1.0,23100.0,1.0,23200.0,1.0,23300.0,1.0,23400.0,1.0,23500.0,1.0,23600.0,1.0,23700.0,1.0,23800.0,1.0,23900.0,1.0
000629.SZ,2020-08-11,09:31:24,23000.0,0.0,0.0,22900.0,1.0,22800.0,1.0,22700.0,1.0,22600.0,1,22500.0,1.0,22400.0,0.83,22300.0,1.0,22200.0,0.24,22000.0,0.77,21900.0,0.02,23000.0,1.0,23100.0,1.0,23200.0,1.0,23300.0,1.0,23400.0,1.0,23500.0,1.0,23600.0,1.0,23700.0,1.0,23800.0,1.0,23900.0,1.0
000629.SZ,2020-08-11,09:31:25,23000.0,0.0,0.0,22900.0,1.0,22800.0,1.0,22700.0,1.0,22600.0,1,22500.0,1.0,22400.0,0.83,22300.0,1.0,22200.0,0.24,22000.0,0.77,21900.0,0.02,23000.0,1.0,23100.0,1.0,23200.0,1.0,23300.0,1.0,23400.0,1.0,23500.0,1.0,23600.0,1.0,23700.0,1.0,23800.0,1.0,23900.0,1.0
000629.SZ,2020-08-11,09:31:26,23000.0,2000.0,46000000.0,22900.0,1.0,22800.0,1.0,22700.0,1.0,22600.0,1,22500.0,1.0,22400.0,0.83,22300.0,1.0,22200.0,0.24,22000.0,0.77,21900.0,0.02,23000.0,1.0,23100.0,1.0,23200.0,1.0,23300.0,1.0,23400.0,1.0,23500.0,1.0,23600.0,1.0,23700.0,1.0,23800.0,1.0,23900.0,1.0
000629.SZ,2020-08-11,09:31:27,23000.0,0.0,0.0,22900.0,1.0,22800.0,1.0,22700.0,1.0,22600.0,1,22500.0,1.0,22400.0,0.83,22300.0,1.0,22200.0,0.24,22000.0,0.77,21900.0,0.02,23000.0,1.0,23100.0,1.0,23200.0,1.0,23300.0,1.0,23400.0,1.0,23500.0,1.0,23600.0,1.0,23700.0,1.0,23800.0,1.0,23900.0,1.0
000629.SZ,2020-08-11,09:31:28,23000.0,0.0,0.0,22900.0,1.0,22800.0,1.0,22700.0,1.0,22600.0,1,22500.0,1.0,22400.0,0.83,22300.0,1.0,22200.0,0.24,22000.0,0.77,21900.0,0.02,23000.0,1.0,23100.0,1.0,23200.0,1.0,23300.0,1.0,23400.0,1.0,23500.0,1.0,23600.0,1.0,23700.0,1.0,23800.0,1.0,23900.0,1.0
000629.SZ,2020-08-11,09:31:29,23000.0,700.0,16100000.0,22900.0,1.0,22800.0,1.0,22700.0,1.0,22600.0,1,22500.0,1.0,22400.0,0.83,22300.0,1.0,22200.0,0.24,22000.0,0.77,21900.0,0.02,23000.0,1.0,23100.0,1.0,23200.0,1.0,23300.0,1.0,23400.0,1.0,23500.0,1.0,23600.0,1.0,23700.0,1.0,23800.0,1.0,23900.0,1.0
000629.SZ,2020-08-11,09:31:30,23000.0,0.0,0.0,22900.0,1.0,22800.0,1.0,22700.0,1.0,22600.0,1,22500.0,1.0,22400.0,0.83,22300.0,1.0,22200.0,0.24,22000.0,0.77,21900.0,0.02,23000.0,1.0,23100.0,1.0,23200.0,1.0,23300.0,1.0,23400.0,1.0,23500.0,1.0,23600.0,1.0,23700.0,1.0,23800.0,1.0,23900.0,1.0
000629.SZ,2020-08-11,09:31:31,23000.0,0.0,0.0,22900.0,1.0,22800.0,1.0,22700.0,1.0,22600.0,1,22500.0,1.0,22400.0,0.83,22300.0,1.0,22200.0,0.24,22000.0,0.77,21900.0,0.02,23000.0,1.0,23100.0,1.0,23200.0,1.0,23300.0,1.0,23400.0,1.0,23500.0,1.0,23600.0,1.0,23700.0,1.0,23800.0,1.0,23900.0,1.0
000629.SZ,2020-08-11,09:31:32,23000.0,800.0,18400000.0,22900.0,1.0,22800.0,1.0,22700.0,1.0,22600.0,1,22500.0,1.0,22400.0,0.83,22300.0,1.0,22200.0,0.24,22000.0,0.77,21900.0,0.02,23000.0,1.0,23100.0,1.0,23200.0,1.0,23300.0,1.0,23400.0,1.0,23500.0,1.0,23600.0,1.0,23700.0,1.0,23800.0,1.0,23900.0,1.0
000629.SZ,2020-08-11,09:31:33,23000.0,0.0,0.0,22900.0,1.0,22800.0,1.0,22700.0,1.0,22600.0,1,22500.0,1.0,22400.0,0.83,22300.0,1.0,22200.0,0.24,22000.0,0.77,21900.0,0.02,23000.0,1.0,23100.0,1.0,23200.0,1.0,23300.0,1.0,23400.0,1.0,23500.0,1.0,23600.0,1.0,23700.0,1.0,23800.0,1.0,23900.0,1.0
000629.SZ,2020-08-11,09:31:34,23000.0,2100.0,48090000.0,22900.0,1.0,22800.0,1.0,22700.0,1.0,22600.0,1,22500.0,1.0,22400.0,0.83,22300.0,1.0,22200.0,0.24,22000.0,0.77,21900.0,0.02,23000.0,1.0,23100.0,1.0,23200.0,1.0,23300.0,1.0,23400.0,1.0,23500.0,1.0,23600.0,1.0,23700.0,1.0,23800.0,1.0,23900.0,1.0
000629.SZ,2020-08-11,09:31:35,22900.0,0.0,0.0,22900.0,1.0,22800.0,1.0,22700.0,1.0,22600.0,1,22500.0,1.0,22400.0,0.83,22300.0,1.0,22200.0,0.24,22000.0,0.77,21900.0,0.02,23000.0,1.0,23100.0,1.0,23200.0,1.0,23300.0,1.0,23400.0,1.0,23500.0,1.0,23600.0,1.0,23700.0,1.0,23800.0,1.0,23900.0,1.0
000629.SZ,2020-08-11,09:31:36,22900.0,2200.0,50380000.0,22900.0,1.0,22800.0,1.0,22700.0,1.0,22600.0,1,22500.0,1.0,22400.0,0.83,22300.0,1.0,22200.0,0.24,22000.0,0.77,21900.0,0.02,23000.0,1.0,23100.0,1.0,23200.0,1.0,23300.0,1.0,23400.0,1.0,23500.0,1.0,23600.0,1.0,23700.0,1.0,23800.0,1.0,23900.0,1.0
000629.SZ,2020-08-11,09:31:37,22900.0,0.0,0.0,22900.0,1.0,22800.0,1.0,22700.0,1.0,22600.0,1,22500.0,1.0,22400.0,0.83,22300.0,1.0,22200.0,0.24,22000.0,0.77,21900.0,0.04,23000.0,1.0,23100.0,1.0,23200.0,1.0,23300.0,1.0,23400.0,1.0,23500.0,1.0,23600.0,1.0,23700.0,1.0,23800.0,1.0,23900.0,1.0
000629.SZ,2020-08-11,09:31:38,22900.0,200.0,4600000.0,22900.0,1.0,22800.0,1.0,22700.0,1.0,22600.0,1,22500.0,1.0,22400.0,0.83,22300.0,1.0,22200.0,0.24,22000.0,0.77,21900.0,0.04,23000.0,1.0,23100.0,1.0,23200.0,1.0,23300.0,1.0,23400.0,1.0,23500.0,1.0,23600.0,1.0,23700.0,1.0,23800.0,1.0,23900.0,1.0
000629.SZ,2020-08-11,09:31:39,23000.0,7400.0,169859600.0,22900.0,1.0,22800.0,1.0,22700.0,1.0,22600.0,1,22500.0,1.0,22400.0,0.83,22300.0,1.0,22200.0,0.24,22000.0,0.77,21900.0,0.04,23000.0,1.0,23100.0,1.0,23200.0,1.0,23300.0,1.0,23400.0,1.0,23500.0,1.0,23600.0,1.0,23700.0,1.0,23800.0,1.0,23900.0,1.0
000629.SZ,2020-08-11,09:31:40,23000.0,100.0,2290000.0,22900.0,1.0,22800.0,1.0,22700.0,1.0,22600.0,1,22500.0,1.0,22400.0,0.83,22300.0,1.0,22200.0,0.24,22000.0,0.77,21900.0,0.04,23000.0,1.0,23100.0,1.0,23200.0,1.0,23300.0,1.0,23400.0,1.0,23500.0,1.0,23600.0,1.0,23700.0,1.0,23800.0,1.0,23900.0,1.0
000629.SZ,2020-08-11,09:31:41,22900.0,500.0,11500000.0,22900.0,1.0,22800.0,1.0,22700.0,1.0,22600.0,1,22500.0,1.0,22400.0,0.83,22300.0,1.0,22200.0,0.24,22000.0,0.77,21900.0,0.04,23000.0,1.0,23100.0,1.0,23200.0,1.0,23300.0,1.0,23400.0,1.0,23500.0,1.0,23600.0,1.0,23700.0,1.0,23800.0,1.0,23900.0,1.0
000629.SZ,2020-08-11,09:31:42,23000.0,1800.0,41220000.0,22900.0,1.0,22800.0,1.0,22700.0,1.0,22600.0,1,22500.0,1.0,22400.0,0.83,22300.0,1.0,22200.0,0.24,22000.0,0.77,21900.0,0.04,23000.0,1.0,23100.0,1.0,23200.0,1.0,23300.0,1.0,23400.0,1.0,23500.0,1.0,23600.0,1.0,23700.0,1.0,23800.0,1.0,23900.0,1.0
000629.SZ,2020-08-11,09:31:43,22900.0,0.0,0.0,22900.0,1.0,22800.0,1.0,22700.0,1.0,22600.0,1,22500.0,1.0,22400.0,0.83,22300.0,1.0,22200.0,0.24,22000.0,0.77,21900.0,0.04,23000.0,1.0,23100.0,1.0,23200.0,1.0,23300.0,1.0,23400.0,1.0,23500.0,1.0,23600.0,1.0,23700.0,1.0,23800.0,1.0,23900.0,1.0
000629.SZ,2020-08-11,09:31:44,22900.0,700.0,16100000.0,22900.0,1.0,22800.0,1.0,22700.0,1.0,22600.0,1,22500.0,1.0,22400.0,0.83,22300.0,1.0,22200.0,0.24,22000.0,0.83,21900.0,0.04,23000.0,1.0,23100.0,1.0,23200.0,1.0,23300.0,1.0,23400.0,1.0,23500.0,1.0,23600.0,1.0,23700.0,1.0,23800.0,1.0,23900.0,1.0
000629.SZ,2020-08-11,09:31:45,23000.0,23900.0,547310000.0,22900.0,1.0,22800.0,1.0,22700.0,1.0,22600.0,1,22500.0,1.0,22400.0,0.83,22300.0,1.0,22200.0,0.24,22000.0,0.83,21900.0,0.04,23000.0,1.0,23100.0,1.0,23200.0,1.0,23300.0,1.0,23400.0,1.0,23500.0,1.0,23600.0,1.0,23700.0,1.0,23800.0,1.0,23900.0,1.0
000629.SZ,2020-08-11,09:31:46,22900.0,0.0,0.0,22900.0,1.0,22800.0,1.0,22700.0,1.0,22600.0,1,22500.0,1.0,22400.0,0.83,22300.0,1.0,22200.0,0.24,22000.0,0.83,21900.0,0.04,23000.0,1.0,23100.0,1.0,23200.0,1.0,23300.0,1.0,23400.0,1.0,23500.0,1.0,23600.0,1.0,23700.0,1.0,23800.0,1.0,23900.0,1.0
000629.SZ,2020-08-11,09:31:47,22900.0,200.0,4600000.0,22900.0,1.0,22800.0,1.0,22700.0,1.0,22600.0,1,22500.0,1.0,22400.0,0.83,22300.0,1.0,22200.0,0.24,22000.0,0.83,21900.0,0.04,23000.0,1.0,23100.0,1.0,23200.0,1.0,23300.0,1.0,23400.0,1.0,23500.0,1.0,23600.0,1.0,23700.0,1.0,23800.0,1.0,23900.0,1.0
000629.SZ,2020-08-11,09:31:48,23000.0,600.0,13779600.0,22900.0,1.0,22800.0,1.0,22700.0,1.0,22600.0,1,22500.0,1.0,22400.0,0.83,22300.0,1.0,22200.0,0.24,22000.0,0.83,21900.0,0.04,23000.0,1.0,23100.0,1.0,23200.0,1.0,23300.0,1.0,23400.0,1.0,23500.0,1.0,23600.0,1.0,23700.0,1.0,23800.0,1.0,23900.0,1.0
000629.SZ,2020-08-11,09:31:49,23000.0,0.0,0.0,22900.0,1.0,22800.0,1.0,22700.0,1.0,22600.0,1,22500.0,1.0,22400.0,0.83,22300.0,1.0,22200.0,0.24,22000.0,0.83,21900.0,0.04,23000.0,1.0,23100.0,1.0,23200.0,1.0,23300.0,1.0,23400.0,1.0,23500.0,1.0,23600.0,1.0,23700.0,1.0,23800.0,1.0,23900.0,1.0
000629.SZ,2020-08-11,09:31:50,23000.0,2400.0,55200000.0,22900.0,1.0,22800.0,1.0,22700.0,1.0,22600.0,1,22500.0,1.0,22400.0,0.83,22300.0,1.0,22200.0,0.24,22000.0,0.83,21900.0,0.04,23000.0,1.0,23100.0,1.0,23200.0,1.0,23300.0,1.0,23400.0,1.0,23500.0,1.0,23600.0,1.0,23700.0,1.0,23800.0,1.0,23900.0,1.0
000629.SZ,2020-08-11,09:31:51,23000.0,8500.0,194794500.0,22900.0,1.0,22800.0,1.0,22700.0,1.0,22600.0,1,22500.0,1.0,22400.0,0.83,22300.0,1.0,22200.0,0.24,22000.0,0.83,21900.0,0.04,23000.0,1.0,23100.0,1.0,23200.0,1.0,23300.0,1.0,23400.0,1.0,23500.0,1.0,23600.0,1.0,23700.0,1.0,23800.0,1.0,23900.0,1.0
000629.SZ,2020-08-11,09:31:52,22900.0,0.0,0.0,22900.0,1.0,22800.0,1.0,22700.0,1.0,22600.0,1,22500.0,1.0,22400.0,0.83,22300.0,1.0,22200.0,0.24,22000.0,0.83,21900.0,0.04,23000.0,1.0,23100.0,1.0,23200.0,1.0,23300.0,1.0,23400.0,1.0,23500.0,1.0,23600.0,1.0,23700.0,1.0,23800.0,1.0,23900.0,1.0
000629.SZ,2020-08-11,09:31:53,22900.0,0.0,0.0,22900.0,1.0,22800.0,1.0,22700.0,1.0,22600.0,1,22500.0,1.0,22400.0,0.83,22300.0,1.0,22200.0,0.24,22000.0,0.83,21900.0,0.04,23000.0,1.0,23100.0,1.0,23200.0,1.0,23300.0,1.0,23400.0,1.0,23500.0,1.0,23600.0,1.0,23700.0,1.0,23800.0,1.0,23900.0,1.0
000629.SZ,2020-08-11,09:31:54,22900.0,0.0,0.0,22900.0,1.0,22800.0,1.0,22700.0,1.0,22600.0,1,22500.0,1.0,22400.0,0.83,22300.0,1.0,22200.0,0.24,22000.0,0.83,21900.0,0.04,23000.0,1.0,23100.0,1.0,23200.0,1.0,23300.0,1.0,23400.0,1.0,23500.0,1.0,23600.0,1.0,23700.0,1.0,23800.0,1.0,23900.0,1.0
000629.SZ,2020-08-11,09:31:55,22900.0,2100.0,48300000.0,22900.0,1.0,22800.0,1.0,22700.0,1.0,22600.0,1,22500.0,1.0,22400.0,0.83,22300.0,1.0,22200.0,0.24,22000.0,0.83,21900.0,0.04,23000.0,1.0,23100.0,1.0,23200.0,1.0,23300.0,1.0,23400.0,1.0,23500.0,1.0,23600.0,1.0,23700.0,1.0,23800.0,1.0,23900.0,1.0
000629.SZ,2020-08-11,09:31:56,23000.0,900.0,20700000.0,22900.0,1.0,22800.0,1.0,22700.0,1.0,22600.0,1,22500.0,1.0,22400.0,0.83,22300.0,1.0,22200.0,0.24,22000.0,0.83,21900.0,0.04,23000.0,1.0,23100.0,1.0,23200.0,1.0,23300.0,1.0,23400.0,1.0,23500.0,1.0,23600.0,1.0,23700.0,1.0,23800.0,1.0,23900.0,1.0
000629.SZ,2020-08-11,09:31:57,23000.0,0.0,0.0,22900.0,1.0,22800.0,1.0,22700.0,1.0,22600.0,1,22500.0,1.0,22400.0,0.83,22300.0,1.0,22200.0,0.24,22000.0,0.83,21900.0,0.04,23000.0,1.0,23100.0,1.0,23200.0,1.0,23300.0,1.0,23400.0,1.0,23500.0,1.0,23600.0,1.0,23700.0,1.0,23800.0,1.0,23900.0,1.0
000629.SZ,2020-08-11,09:31:58,23000.0,4700.0,107630000.0,22900.0,1.0,22800.0,1.0,22700.0,1.0,22600.0,1,22500.0,1.0,22400.0,0.83,22300.0,1.0,22200.0,0.25,22000.0,0.85,21900.0,0.04,23000.0,1.0,23100.0,1.0,23200.0,1.0,23300.0,1.0,23400.0,1.0,23500.0,1.0,23600.0,1.0,23700.0,1.0,23800.0,1.0,23900.0,1.0
000629.SZ,2020-08-11,09:31:59,22900.0,0.0,0.0,22900.0,1.0,22800.0,1.0,22700.0,1.0,22600.0,1,22500.0,1.0,22400.0,0.83,22300.0,1.0,22200.0,0.25,22000.0,0.85,21900.0,0.04,23000.0,1.0,23100.0,1.0,23200.0,1.0,23300.0,1.0,23400.0,1.0,23500.0,1.0,23600.0,1.0,23700.0,1.0,23800.0,1.0,23900.0,1.0
000629.SZ,2020-08-11,09:32:00,22900.0,0.0,0.0,22900.0,1.0,22800.0,1.0,22700.0,1.0,22600.0,1,22500.0,1.0,22400.0,0.83,22300.0,1.0,22200.0,0.25,22000.0,0.85,21900.0,0.04,23000.0,1.0,23100.0,1.0,23200.0,1.0,23300.0,1.0,23400.0,1.0,23500.0,1.0,23600.0,1.0,23700.0,1.0,23800.0,1.0,23900.0,1.0
000629.SZ,2020-08-11,09:32:01,22900.0,200.0,4600000.0,22900.0,1.0,22800.0,1.0,22700.0,1.0,22600.0,1,22500.0,1.0,22400.0,0.83,22300.0,1.0,22200.0,0.25,22000.0,0.85,21900.0,0.04,23000.0,1.0,23100.0,1.0,23200.0,1.0,23300.0,1.0,23400.0,1.0,23500.0,1.0,23600.0,1.0,23700.0,1.0,23800.0,1.0,23900.0,1.0
000629.SZ,2020-08-11,09:32:02,23000.0,2000.0,46000000.0,22900.0,1.0,22800.0,1.0,22700.0,1.0,22600.0,1,22500.0,1.0,22400.0,0.83,22300.0,1.0,22200.0,0.25,22000.0,0.85,21900.0,0.04,23000.0,1.0,23100.0,1.0,23200.0,1.0,23300.0,1.0,23400.0,1.0,23500.0,1.0,23600.0,1.0,23700.0,1.0,23800.0,1.0,23900.0,1.0
000629.SZ,2020-08-11,09:32:03,23000.0,2000.0,45800000.0,22900.0,1.0,22800.0,1.0,22700.0,1.0,22600.0,1,22500.0,1.0,22400.0,0.83,22300.0,1.0,22200.0,0.25,22000.0,0.85,21900.0,0.04,23000.0,1.0,23100.0,1.0,23200.0,1.0,23300.0,1.0,23400.0,1.0,23500.0,1.0,23600.0,1.0,23700.0,1.0,23800.0,1.0,23900.0,1.0
000629.SZ,2020-08-11,09:32:04,22900.0,0.0,0.0,22900.0,1.0,22800.0,1.0,22700.0,1.0,22600.0,1,22500.0,1.0,22400.0,0.83,22300.0,1.0,22200.0,0.25,22000.0,0.85,21900.0,0.04,23000.0,1.0,23100.0,1.0,23200.0,1.0,23300.0,1.0,23400.0,1.0,23500.0,1.0,23600.0,1.0,23700.0,1.0,23800.0,1.0,23900.0,1.0
000629.SZ,2020-08-11,09:32:05,22900.0,400.0,9200000.0,22900.0,1.0,22800.0,1.0,22700.0,1.0,22600.0,1,22500.0,1.0,22400.0,0.83,22300.0,1.0,22200.0,0.25,22000.0,0.85,21900.0,0.04,23000.0,1.0,23100.0,1.0,23200.0,1.0,23300.0,1.0,23400.0,1.0,23500.0,1.0,23600.0,1.0,23700.0,1.0,23800.0,1.0,23900.0,1.0
000629.SZ,2020-08-11,09:32:06,23000.0,0.0,0.0,22900.0,1.0,22800.0,1.0,22700.0,1.0,22600.0,1,22500.0,1.0,22400.0,0.83,22300.0,1.0,22200.0,0.25,22000.0,0.85,21900.0,0.04,23000.0,1.0,23100.0,1.0,23200.0,1.0,23300.0,1.0,23400.0,1.0,23500.0,1.0,23600.0,1.0,23700.0,1.0,23800.0,1.0,23900.0,1.0
000629.SZ,2020-08-11,09:32:07,23000.0,400.0,9200000.0,22900.0,1.0,22800.0,1.0,22700.0,1.0,22600.0,1,22500.0,1.0,22400.0,0.85,22300.0,1.0,22200.0,0.25,22000.0,0.85,21900.0,0.04,23000.0,1.0,23100.0,1.0,23200.0,1.0,23300.0,1.0,23400.0,1.0,23500.0,1.0,23600.0,1.0,23700.0,1.0,23800.0,1.0,23900.0,1.0
000629.SZ,2020-08-11,09:32:08,23000.0,0.0,0.0,22900.0,1.0,22800.0,1.0,22700.0,1.0,22600.0,1,22500.0,1.0,22400.0,0.85,22300.0,1.0,22200.0,0.25,22000.0,0.85,21900.0,0.04,23000.0,1.0,23100.0,1.0,23200.0,1.0,23300.0,1.0,23400.0,1.0,23500.0,1.0,23600.0,1.0,23700.0,1.0,23800.0,1.0,23900.0,1.0
000629.SZ,2020-08-11,09:32:09,23000.0,0.0,0.0,22900.0,1.0,22800.0,1.0,22700.0,1.0,22600.0,1,22500.0,1.0,22400.0,0.85,22300.0,1.0,22200.0,0.25,22000.0,0.85,21900.0,0.04,23000.0,1.0,23100.0,1.0,23200.0,1.0,23300.0,1.0,23400.0,1.0,23500.0,1.0,23600.0,1.0,23700.0,1.0,23800.0,1.0,23900.0,1.0
000629.SZ,2020-08-11,09:32:10,23000.0,1000.0,22900000.0,22900.0,1.0,22800.0,1.0,22700.0,1.0,22600.0,1,22500.0,1.0,22400.0,0.85,22300.0,1.0,22200.0,0.25,22000.0,0.85,21900.0,0.04,23000.0,1.0,23100.0,1.0,23200.0,1.0,23300.0,1.0,23400.0,1.0,23500.0,1.0,23600.0,1.0,23700.0,1.0,23800.0,1.0,23900.0,1.0
000629.SZ,2020-08-11,09:32:11,22900.0,0.0,0.0,22900.0,1.0,22800.0,1.0,22700.0,1.0,22600.0,1,22500.0,1.0,22400.0,0.85,22300.0,1.0,22200.0,0.25,22000.0,0.85,21900.0,0.04,23000.0,1.0,23100.0,1.0,23200.0,1.0,23300.0,1.0,23400.0,1.0,23500.0,1.0,23600.0,1.0,23700.0,1.0,23800.0,1.0,23900.0,1.0
000629.SZ,2020-08-11,09:32:12,22900.0,100.0,2290000.0,22900.0,1.0,22800.0,1.0,22700.0,1.0,22600.0,1,22500.0,1.0,22400.0,0.85,22300.0,1.0,22200.0,0.25,22000.0,0.85,21900.0,0.04,23000.0,1.0,23100.0,1.0,23200.0,1.0,23300.0,1.0,23400.0,1.0,23500.0,1.0,23600.0,1.0,23700.0,1.0,23800.0,1.0,23900.0,1.0
000629.SZ,2020-08-11,09:32:13,22900.0,200.0,4580000.0,22900.0,1.0,22800.0,1.0,22700.0,1.0,22600.0,1,22500.0,1.0,22400.0,0.85,22300.0,1.0,22200.0,0.25,22000.0,0.85,21900.0,0.04,23000.0,1.0,23100.0,1.0,23200.0,1.0,23300.0,1.0,23400.0,1.0,23500.0,1.0,23600.0,1.0,23700.0,1.0,23800.0,1.0,23900.0,1.0
000629.SZ,2020-08-11,09:32:14,22900.0,1500.0,34470000.0,22900.0,1.0,22800.0,1.0,22700.0,1.0,22600.0,1,22500.0,1.0,22400.0,0.85,22300.0,1.0,22200.0,0.25,22000.0,0.85,21900.0,0.04,23000.0,1.0,23100.0,1.0,23200.0,1.0,23300.0,1.0,23400.0,1.0,23500.0,1.0,23600.0,1.0,23700.0,1.0,23800.0,1.0,23900.0,1.0
000629.SZ,2020-08-11,09:32:15,22900.0,0.0,0.0,22900.0,1.0,22800.0,1.0,22700.0,1.0,22600.0,1,22500.0,1.0,22400.0,0.85,22300.0,1.0,22200.0,0.25,22000.0,0.85,21900.0,0.04,23000.0,1.0,23100.0,1.0,23200.0,1.0,23300.0,1.0,23400.0,1.0,23500.0,1.0,23600.0,1.0,23700.0,1.0,23800.0,1.0,23900.0,1.0
000629.SZ,2020-08-11,09:32:16,22900.0,3000.0,69000000.0,22900.0,1.0,22800.0,1.0,22700.0,1.0,22600.0,1,22500.0,1.0,22400.0,0.85,22300.0,1.0,22200.0,0.25,22000.0,0.85,21900.0,0.04,23000.0,1.0,23100.0,1.0,23200.0,1.0,23300.0,1.0,23400.0,1.0,23500.0,1.0,23600.0,1.0,23700.0,1.0,23800.0,1.0,23900.0,1.0
000629.SZ,2020-08-11,09:32:17,23000.0,200.0,4600000.0,22900.0,1.0,22800.0,1.0,22700.0,1.0,22600.0,1,22500.0,1.0,22400.0,0.85,22300.0,1.0,22200.0,0.25,22000.0,0.85,21900.0,0.04,23000.0,1.0,23100.0,1.0,23200.0,1.0,23300.0,1.0,23400.0,1.0,23500.0,1.0,23600.0,1.0,23700.0,1.0,23800.0,1.0,23900.0,1.0
000629.SZ,2020-08-11,09:32:18,23000.0,0.0,0.0,22900.0,1.0,22800.0,1.0,22700.0,1.0,22600.0,1,22500.0,1.0,22400.0,0.85,22300.0,1.0,22200.0,0.25,22000.0,0.85,21900.0,0.04,23000.0,1.0,23100.0,1.0,23200.0,1.0,23300.0,1.0,23400.0,1.0,23500.0,1.0,23600.0,1.0,23700.0,1.0,23800.0,1.0,23900.0,1.0
000629.SZ,2020-08-11,09:32:19,23000.0,9000.0,207000000.0,22900.0,1.0,22800.0,1.0,22700.0,1.0,22600.0,1,22500.0,1.0,22400.0,0.85,22300.0,1.0,22200.0,0.25,22000.0,0.86,21900.0,0.04,23000.0,1.0,23100.0,1.0,23200.0,1.0,23300.0,1.0,23400.0,1.0,23500.0,1.0,23600.0,1.0,23700.0,1.0,23800.0,1.0,23900.0,1.0
000629.SZ,2020-08-11,09:32:20,23000.0,6300.0,144270000.0,22900.0,1.0,22800.0,1.0,22700.0,1.0,22600.0,1,22500.0,1.0,22400.0,0.85,22300.0,1.0,22200.0,0.25,22000.0,0.87,21900.0,0.04,23000.0,1.0,23100.0,1.0,23200.0,1.0,23300.0,1.0,23400.0,1.0,23500.0,1.0,23600.0,1.0,23700.0,1.0,23800.0,1.0,23900.0,1.0
000629.SZ,2020-08-11,09:32:21,22900.0,0.0,0.0,22900.0,1.0,22800.0,1.0,22700.0,1.0,22600.0,1,22500.0,1.0,22400.0,0.85,22300.0,1.0,22200.0,0.25,22000.0,0.87,21900.0,0.04,23000.0,1.0,23100.0,1.0,23200.0,1.0,23300.0,1.0,23400.0,1.0,23500.0,1.0,23600.0,1.0,23700.0,1.0,23800.0,1.0,23900.0,1.0
000629.SZ,2020-08-11,09:32:22,22900.0,235200.0,5386080000.0,22900.0,1.0,22800.0,1.0,22700.0,1.0,22600.0,1,22500.0,1.0,22400.0,0.85,22300.0,1.0,22200.0,0.25,22000.0,0.87,21900.0,0.04,23000.0,1.0,23100.0,1.0,23200.0,1.0,23300.0,1.0,23400.0,1.0,23500.0,1.0,23600.0,1.0,23700.0,1.0,23800.0,1.0,23900.0,1.0
000629.SZ,2020-08-11,09:32:23,22900.0,0.0,0.0,22900.0,1.0,22800.0,1.0,22700.0,1.0,22600.0,1,22500.0,1.0,22400.0,0.85,22300.0,1.0,22200.0,0.25,22000.0,0.87,21900.0,0.04,23000.0,1.0,23100.0,1.0,23200.0,1.0,23300.0,1.0,23400.0,1.0,23500.0,1.0,23600.0,1.0,23700.0,1.0,23800.0,1.0,23900.0,1.0
000629.SZ,2020-08-11,09:32:24,22900.0,0.0,0.0,22900.0,1.0,22800.0,1.0,22700.0,1.0,22600.0,1,22500.0,1.0,22400.0,0.85,22300.0,1.0,22200.0,0.25,22000.0,0.87,21900.0,0.04,23000.0,1.0,23100.0,1.0,23200.0,1.0,23300.0,1.0,23400.0,1.0,23500.0,1.0,23600.0,1.0,23700.0,1.0,23800.0,1.0,23900.0,1.0
000629.SZ,2020-08-11,09:32:25,22900.0,0.0,0.0,22900.0,1.0,22800.0,1.0,22700.0,1.0,22600.0,1,22500.0,1.0,22400.0,0.85,22300.0,1.0,22200.0,0.25,22000.0,0.87,21900.0,0.04,23000.0,1.0,23100.0,1.0,23200.0,1.0,23300.0,1.0,23400.0,1.0,23500.0,1.0,23600.0,1.0,23700.0,1.0,23800.0,1.0,23900.0,1.0
000629.SZ,2020-08-11,09:32:26,22900.0,0.0,0.0,22900.0,1.0,22800.0,1.0,22700.0,1.0,22600.0,1,22500.0,1.0,22400.0,0.85,22300.0,1.0,22200.0,0.25,22000.0,0.87,21900.0,0.04,23000.0,1.0,23100.0,1.0,23200.0,1.0,23300.0,1.0,23400.0,1.0,23500.0,1.0,23600.0,1.0,23700.0,1.0,23800.0,1.0,23900.0,1.0
000629.SZ,2020-08-11,09:32:27,22900.0,34800.0,799390800.0,22900.0,1.0,22800.0,1.0,22700.0,1.0,22600.0,1,22500.0,1.0,22400.0,0.85,22300.0,1.0,22200.0,0.25,22000.0,0.87,21900.0,0.04,23000.0,1.0,23100.0,1.0,23200.0,1.0,23300.0,1.0,23400.0,1.0,23500.0,1.0,23600.0,1.0,23700.0,1.0,23800.0,1.0,23900.0,1.0
000629.SZ,2020-08-11,09:32:28,23000.0,6700.0,154100000.0,22900.0,1.0,22800.0,1.0,22700.0,1.0,22600.0,1,22500.0,1.0,22400.0,0.85,22300.0,1.0,22200.0,0.25,22000.0,0.88,21900.0,0.04,23000.0,1.0,23100.0,1.0,23200.0,1.0,23300.0,1.0,23400.0,1.0,23500.0,1.0,23600.0,1.0,23700.0,1.0,23800.0,1.0,23900.0,1.0
000629.SZ,2020-08-11,09:32:29,23000.0,7200.0,164880000.0,22900.0,1.0,22800.0,1.0,22700.0,1.0,22600.0,1,22500.0,1.0,22400.0,0.85,22300.0,1.0,22200.0,0.25,22000.0,0.88,21900.0,0.04,23000.0,1.0,23100.0,1.0,23200.0,1.0,23300.0,1.0,23400.0,1.0,23500.0,1.0,23600.0,1.0,23700.0,1.0,23800.0,1.0,23900.0,1.0
000629.SZ,2020-08-11,09:32:30,22900.0,0.0,0.0,22900.0,1.0,22800.0,1.0,22700.0,1.0,22600.0,1,22500.0,1.0,22400.0,0.85,22300.0,1.0,22200.0,0.25,22000.0,0.88,21900.0,0.04,23000.0,1.0,23100.0,1.0,23200.0,1.0,23300.0,1.0,23400.0,1.0,23500.0,1.0,23600.0,1.0,23700.0,1.0,23800.0,1.0,23900.0,1.0
000629.SZ,2020-08-11,09:32:31,22900.0,3900.0,89657100.0,22900.0,1.0,22800.0,1.0,22700.0,1.0,22600.0,1,22500.0,1.0,22400.0,0.85,22300.0,1.0,22200.0,0.25,22000.0,0.88,21900.0,0.04,23000.0,1.0,23100.0,1.0,23200.0,1.0,23300.0,1.0,23400.0,1.0,23500.0,1.0,23600.0,1.0,23700.0,1.0,23800.0,1.0,23900.0,1.0
000629.SZ,2020-08-11,09:32:32,22900.0,66800.0,1529920400.0,22900.0,1.0,22800.0,1.0,22700.0,1.0,22600.0,1,22500.0,1.0,22400.0,0.85,22300.0,1.0,22200.0,0.25,22000.0,0.88,21900.0,0.04,23000.0,1.0,23100.0,1.0,23200.0,1.0,23300.0,1.0,23400.0,1.0,23500.0,1.0,23600.0,1.0,23700.0,1.0,23800.0,1.0,23900.0,1.0
000629.SZ,2020-08-11,09:32:33,22900.0,1100.0,25300000.0,22900.0,1.0,22800.0,1.0,22700.0,1.0,22600.0,1,22500.0,1.0,22400.0,0.85,22300.0,1.0,22200.0,0.25,22000.0,0.88,21900.0,0.04,23000.0,1.0,23100.0,1.0,23200.0,1.0,23300.0,1.0,23400.0,1.0,23500.0,1.0,23600.0,1.0,23700.0,1.0,23800.0,1.0,23900.0,1.0
000629.SZ,2020-08-11,09:32:34,23000.0,0.0,0.0,22900.0,1.0,22800.0,1.0,22700.0,1.0,22600.0,1,22500.0,1.0,22400.0,0.85,22300.0,1.0,22200.0,0.25,22000.0,0.88,21900.0,0.04,23000.0,1.0,23100.0,1.0,23200.0,1.0,23300.0,1.0,23400.0,1.0,23500.0,1.0,23600.0,1.0,23700.0,1.0,23800.0,1.0,23900.0,1.0
000629.SZ,2020-08-11,09:32:35,23000.0,6000.0,137400000.0,22900.0,1.0,22800.0,1.0,22700.0,1.0,22600.0,1,22500.0,1.0,22400.0,0.85,22300.0,1.0,22200.0,0.25,22000.0,0.88,21900.0,0.04,23000.0,1.0,23100.0,1.0,23200.0,1.0,23300.0,1.0,23400.0,1.0,23500.0,1.0,23600.0,1.0,23700.0,1.0,23800.0,1.0,23900.0,1.0
000629.SZ,2020-08-11,09:32:36,22900.0,52200.0,1196006400.0,22900.0,1.0,22800.0,1.0,22700.0,1.0,22600.0,1,22500.0,1.0,22400.0,0.85,22300.0,1.0,22200.0,0.31,22000.0,0.88,21900.0,0.04,23000.0,1.0,23100.0,1.0,23200.0,1.0,23300.0,1.0,23400.0,1.0,23500.0,1.0,23600.0,1.0,23700.0,1.0,23800.0,1.0,23900.0,1.0
000629.SZ,2020-08-11,09:32:37,22900.0,23800.0,545020000.0,22900.0,1.0,22800.0,1.0,22700.0,1.0,22600.0,1,22500.0,1.0,22400.0,0.85,22300.0,1.0,22200.0,0.31,22000.0,0.88,21900.0,0.04,23000.0,1.0,23100.0,1.0,23200.0,1.0,23300.0,1.0,23400.0,1.0,23500.0,1.0,23600.0,1.0,23700.0,1.0,23800.0,1.0,23900.0,1.0
000629.SZ,2020-08-11,09:32:38,22900.0,900.0,20610000.0,22900.0,1.0,22800.0,1.0,22700.0,1.0,22600.0,1,22500.0,1.0,22400.0,0.85,22300.0,1.0,22200.0,0.31,22000.0,0.88,21900.0,0.04,23000.0,1.0,23100.0,1.0,23200.0,1.0,23300.0,1.0,23400.0,1.0,23500.0,1.0,23600.0,1.0,23700.0,1.0,23800.0,1.0,23900.0,1.0
000629.SZ,2020-08-11,09:32:39,22900.0,12900.0,295913100.0,22900.0,1.0,22800.0,1.0,22700.0,1.0,22600.0,1,22500.0,1.0,22400.0,0.85,22300.0,1.0,22200.0,0.31,22000.0,0.88,21900.0,0.04,23000.0,1.0,23100.0,1.0,23200.0,1.0,23300.0,1.0,23400.0,1.0,23500.0,1.0,23600.0,1.0,23700.0,1.0,23800.0,1.0,23900.0,1.0
000629.SZ,2020-08-11,09:32:40,22900.0,55400.0,1268660000.0,22900.0,1.0,22800.0,1.0,22700.0,1.0,22600.0,1,22500.0,1.0,22400.0,0.85,22300.0,1.0,22200.0,0.31,22000.0,0.88,21900.0,0.04,23000.0,1.0,23100.0,1.0,23200.0,1.0,23300.0,1.0,23400.0,1.0,23500.0,1.0,23600.0,1.0,23700.0,1.0,23800.0,1.0,23900.0,1.0
000629.SZ,2020-08-11,09:32:41,22900.0,0.0,0.0,22900.0,1.0,22800.0,1.0,22700.0,1.0,22600.0,1,22500.0,1.0,22400.0,0.85,22300.0,1.0,22200.0,0.31,22000.0,0.88,21900.0,0.04,23000.0,1.0,23100.0,1.0,23200.0,1.0,23300.0,1.0,23400.0,1.0,23500.0,1.0,23600.0,1.0,23700.0,1.0,23800.0,1.0,23900.0,1.0
000629.SZ,2020-08-11,09:32:42,22900.0,3600.0,82756800.0,22900.0,1.0,22800.0,1.0,22700.0,1.0,22600.0,1,22500.0,1.0,22400.0,0.85,22300.0,1.0,22200.0,0.31,22000.0,0.88,21900.0,0.04,23000.0,1.0,23100.0,1.0,23200.0,1.0,23300.0,1.0,23400.0,1.0,23500.0,1.0,23600.0,1.0,23700.0,1.0,23800.0,1.0,23900.0,1.0
000629.SZ,2020-08-11,09:32:43,23000.0,75920.0,1738568000.0,22900.0,1.0,22800.0,1.0,22700.0,1.0,22600.0,1,22500.0,1.0,22400.0,0.85,22300.0,1.0,22200.0,0.31,22000.0,0.88,21900.0,0.04,23000.0,1.0,23100.0,1.0,23200.0,1.0,23300.0,1.0,23400.0,1.0,23500.0,1.0,23600.0,1.0,23700.0,1.0,23800.0,1.0,23900.0,1.0
000629.SZ,2020-08-11,09:32:44,22900.0,4300.0,98470000.0,22900.0,1.0,22800.0,1.0,22700.0,1.0,22600.0,1,22500.0,1.0,22400.0,0.85,22300.0,1.0,22200.0,0.31,22000.0,0.88,21900.0,0.04,23000.0,1.0,23100.0,1.0,23200.0,1.0,23300.0,1.0,23400.0,1.0,23500.0,1.0,23600.0,1.0,23700.0,1.0,23800.0,1.0,23900.0,1.0
000629.SZ,2020-08-11,09:32:45,22900.0,1500.0,34350000.0,22900.0,1.0,22800.0,1.0,22700.0,1.0,22600.0,1,22500.0,1.0,22400.0,0.85,22300.0,1.0,22200.0,0.31,22000.0,0.88,21900.0,0.04,23000.0,1.0,23100.0,1.0,23200.0,1.0,23300.0,1.0,23400.0,1.0,23500.0,1.0,23600.0,1.0,23700.0,1.0,23800.0,1.0,23900.0,1.0
000629.SZ,2020-08-11,09:32:46,22900.0,2200.0,50380000.0,22900.0,1.0,22800.0,1.0,22700.0,1.0,22600.0,1,22500.0,1.0,22400.0,0.85,22300.0,1.0,22200.0,0.31,22000.0,0.88,21900.0,0.04,23000.0,1.0,23100.0,1.0,23200.0,1.0,23300.0,1.0,23400.0,1.0,23500.0,1.0,23600.0,1.0,23700.0,1.0,23800.0,1.0,23900.0,1.0
000629.SZ,2020-08-11,09:32:47,22900.0,20600.0,469721200.0,22800.0,1.0,22700.0,1.0,22600.0,1.0,22500.0,1,22400.0,0.85,22300.0,1.0,22200.0,0.31,22000.0,0.88,21900.0,0.04,21800.0,0.04,22900.0,0.07,23000.0,1.0,23100.0,1.0,23200.0,1.0,23300.0,1.0,23400.0,1.0,23500.0,1.0,23600.0,1.0,23700.0,1.0,23800.0,1.0
000629.SZ,2020-08-11,09:32:48,22800.0,900.0,20610000.0,22800.0,1.0,22700.0,1.0,22600.0,1.0,22500.0,1,22400.0,0.85,22300.0,1.0,22200.0,0.31,22000.0,0.88,21900.0,0.04,21800.0,0.04,22900.0,1.0,23000.0,1.0,23100.0,1.0,23200.0,1.0,23300.0,1.0,23400.0,1.0,23500.0,1.0,23600.0,1.0,23700.0,1.0,23800.0,1.0
000629.SZ,2020-08-11,09:32:49,22900.0,0.0,0.0,22800.0,1.0,22700.0,1.0,22600.0,1.0,22500.0,1,22400.0,0.85,22300.0,1.0,22200.0,0.31,22000.0,0.88,21900.0,0.04,21800.0,0.04,22900.0,1.0,23000.0,1.0,23100.0,1.0,23200.0,1.0,23300.0,1.0,23400.0,1.0,23500.0,1.0,23600.0,1.0,23700.0,1.0,23800.0,1.0
000629.SZ,2020-08-11,09:32:50,22900.0,0.0,0.0,22800.0,1.0,22700.0,1.0,22600.0,1.0,22500.0,1,22400.0,0.85,22300.0,1.0,22200.0,0.31,22000.0,0.88,21900.0,0.04,21800.0,0.04,22900.0,1.0,23000.0,1.0,23100.0,1.0,23200.0,1.0,23300.0,1.0,23400.0,1.0,23500.0,1.0,23600.0,1.0,23700.0,1.0,23800.0,1.0
000629.SZ,2020-08-11,09:32:51,22900.0,2300.0,52670000.0,22800.0,1.0,22700.0,1.0,22600.0,1.0,22500.0,1,22400.0,0.85,22300.0,1.0,22200.0,0.31,22000.0,0.88,21900.0,0.04,21800.0,0.07,22900.0,1.0,23000.0,1.0,23100.0,1.0,23200.0,1.0,23300.0,1.0,23400.0,1.0,23500.0,1.0,23600.0,1.0,23700.0,1.0,23800.0,1.0
000629.SZ,2020-08-11,09:32:52,22900.0,0.0,0.0,22800.0,1.0,22700.0,1.0,22600.0,1.0,22500.0,1,22400.0,0.85,22300.0,1.0,22200.0,0.31,22000.0,0.88,21900.0,0.04,21800.0,0.07,22900.0,1.0,23000.0,1.0,23100.0,1.0,23200.0,1.0,23300.0,1.0,23400.0,1.0,23500.0,1.0,23600.0,1.0,23700.0,1.0,23800.0,1.0
000629.SZ,2020-08-11,09:32:53,22900.0,1000.0,22900000.0,22800.0,1.0,22700.0,1.0,22600.0,1.0,22500.0,1,22400.0,0.85,22300.0,1.0,22200.0,0.31,22000.0,0.88,21900.0,0.04,21800.0,0.07,22900.0,1.0,23000.0,1.0,23100.0,1.0,23200.0,1.0,23300.0,1.0,23400.0,1.0,23500.0,1.0,23600.0,1.0,23700.0,1.0,23800.0,1.0
000629.SZ,2020-08-11,09:32:54,22900.0,10000.0,229000000.0,22800.0,1.0,22700.0,1.0,22600.0,1.0,22500.0,1,22400.0,0.85,22300.0,1.0,22200.0,0.31,22000.0,0.88,21900.0,0.04,21800.0,0.07,22900.0,1.0,23000.0,1.0,23100.0,1.0,23200.0,1.0,23300.0,1.0,23400.0,1.0,23500.0,1.0,23600.0,1.0,23700.0,1.0,23800.0,1.0
000629.SZ,2020-08-11,09:32:55,22900.0,0.0,0.0,22800.0,1.0,22700.0,1.0,22600.0,1.0,22500.0,1,22400.0,0.85,22300.0,1.0,22200.0,0.31,22000.0,0.88,21900.0,0.04,21800.0,0.07,22900.0,1.0,23000.0,1.0,23100.0,1.0,23200.0,1.0,23300.0,1.0,23400.0,1.0,23500.0,1.0,23600.0,1.0,23700.0,1.0,23800.0,1.0
000629.SZ,2020-08-11,09:32:56,22900.0,0.0,0.0,22800.0,1.0,22700.0,1.0,22600.0,1.0,22500.0,1,22400.0,0.85,22300.0,1.0,22200.0,0.31,22000.0,0.88,21900.0,0.04,21800.0,0.07,22900.0,1.0,23000.0,1.0,23100.0,1.0,23200.0,1.0,23300.0,1.0,23400.0,1.0,23500.0,1.0,23600.0,1.0,23700.0,1.0,23800.0,1.0
000629.SZ,2020-08-11,09:32:57,22900.0,1100.0,25190000.0,22800.0,1.0,22700.0,1.0,22600.0,1.0,22500.0,1,22400.0,0.85,22300.0,1.0,22200.0,0.31,22000.0,0.88,21900.0,0.04,21800.0,0.07,22900.0,1.0,23000.0,1.0,23100.0,1.0,23200.0,1.0,23300.0,1.0,23400.0,1.0,23500.0,1.0,23600.0,1.0,23700.0,1.0,23800.0,1.0
000629.SZ,2020-08-11,09:32:58,22900.0,0.0,0.0,22800.0,1.0,22700.0,1.0,22600.0,1.0,22500.0,1,22400.0,0.85,22300.0,1.0,22200.0,0.31,22000.0,0.88,21900.0,0.04,21800.0,0.07,22900.0,1.0,23000.0,1.0,23100.0,1.0,23200.0,1.0,23300.0,1.0,23400.0,1.0,23500.0,1.0,23600.0,1.0,23700.0,1.0,23800.0,1.0
000629.SZ,2020-08-11,09:32:59,22900.0,10000.0,229000000.0,22800.0,1.0,22700.0,1.0,22600.0,1.0,22500.0,1,22400.0,0.85,22300.0,1.0,22200.0,0.31,22000.0,0.88,21900.0,0.04,21800.0,0.07,22900.0,1.0,23000.0,1.0,23100.0,1.0,23200.0,1.0,23300.0,1.0,23400.0,1.0,23500.0,1.0,23600.0,1.0,23700.0,1.0,23800.0,1.0
000629.SZ,2020-08-11,09:33:00,22900.0,0.0,0.0,22800.0,1.0,22700.0,1.0,22600.0,1.0,22500.0,1,22400.0,0.85,22300.0,1.0,22200.0,0.31,22000.0,0.88,21900.0,0.04,21800.0,0.07,22900.0,1.0,23000.0,1.0,23100.0,1.0,23200.0,1.0,23300.0,1.0,23400.0,1.0,23500.0,1.0,23600.0,1.0,23700.0,1.0,23800.0,1.0
000629.SZ,2020-08-11,09:33:01,22900.0,0.0,0.0,22800.0,1.0,22700.0,1.0,22600.0,1.0,22500.0,1,22400.0,0.85,22300.0,1.0,22200.0,0.31,22000.0,0.88,21900.0,0.04,21800.0,0.07,22900.0,1.0,23000.0,1.0,23100.0,1.0,23200.0,1.0,23300.0,1.0,23400.0,1.0,23500.0,1.0,23600.0,1.0,23700.0,1.0,23800.0,1.0
000629.SZ,2020-08-11,09:33:02,22900.0,5200.0,119080000.0,22800.0,1.0,22700.0,1.0,22600.0,1.0,22500.0,1,22400.0,0.85,22300.0,1.0,22200.0,0.31,22000.0,0.88,21900.0,0.04,21800.0,0.07,22900.0,1.0,23000.0,1.0,23100.0,1.0,23200.0,1.0,23300.0,1.0,23400.0,1.0,23500.0,1.0,23600.0,1.0,23700.0,1.0,23800.0,1.0
000629.SZ,2020-08-11,09:33:03,22900.0,1000.0,22900000.0,22800.0,1.0,22700.0,1.0,22600.0,1.0,22500.0,1,22400.0,0.85,22300.0,1.0,22200.0,0.31,22000.0,0.92,21900.0,0.04,21800.0,0.07,22900.0,1.0,23000.0,1.0,23100.0,1.0,23200.0,1.0,23300.0,1.0,23400.0,1.0,23500.0,1.0,23600.0,1.0,23700.0,1.0,23800.0,1.0
000629.SZ,2020-08-11,09:33:04,22900.0,4500.0,103050000.0,22800.0,1.0,22700.0,1.0,22600.0,1.0,22500.0,1,22400.0,0.85,22300.0,1.0,22200.0,0.31,22000.0,0.92,21900.0,0.04,21800.0,0.07,22900.0,1.0,23000.0,1.0,23100.0,1.0,23200.0,1.0,23300.0,1.0,23400.0,1.0,23500.0,1.0,23600.0,1.0,23700.0,1.0,23800.0,1.0
000629.SZ,2020-08-11,09:33:05,22900.0,0.0,0.0,22800.0,1.0,22700.0,1.0,22600.0,1.0,22500.0,1,22400.0,0.85,22300.0,1.0,22200.0,0.31,22000.0,0.92,21900.0,0.12,21800.0,0.07,22900.0,1.0,23000.0,1.0,23100.0,1.0,23200.0,1.0,23300.0,1.0,23400.0,1.0,23500.0,1.0,23600.0,1.0,23700.0,1.0,23800.0,1.0
000629.SZ,2020-08-11,09:33:06,22900.0,0.0,0.0,22800.0,1.0,22700.0,1.0,22600.0,1.0,22500.0,1,22400.0,0.85,22300.0,1.0,22200.0,0.31,22000.0,0.92,21900.0,0.12,21800.0,0.07,22900.0,1.0,23000.0,1.0,23100.0,1.0,23200.0,1.0,23300.0,1.0,23400.0,1.0,23500.0,1.0,23600.0,1.0,23700.0,1.0,23800.0,1.0
000629.SZ,2020-08-11,09:33:07,22900.0,1900.0,43510000.0,22800.0,1.0,22700.0,1.0,22600.0,1.0,22500.0,1,22400.0,0.85,22300.0,1.0,22200.0,0.31,22000.0,0.92,21900.0,0.12,21800.0,0.07,22900.0,1.0,23000.0,1.0,23100.0,1.0,23200.0,1.0,23300.0,1.0,23400.0,1.0,23500.0,1.0,23600.0,1.0,23700.0,1.0,23800.0,1.0
000629.SZ,2020-08-11,09:33:08,22900.0,200.0,4580000.0,22800.0,1.0,22700.0,1.0,22600.0,1.0,22500.0,1,22400.0,0.85,22300.0,1.0,22200.0,0.31,22000.0,0.92,21900.0,0.12,21800.0,0.07,22900.0,1.0,23000.0,1.0,23100.0,1.0,23200.0,1.0,23300.0,1.0,23400.0,1.0,23500.0,1.0,23600.0,1.0,23700.0,1.0,23800.0,1.0
000629.SZ,2020-08-11,09:33:09,22900.0,0.0,0.0,22800.0,1.0,22700.0,1.0,22600.0,1.0,22500.0,1,22400.0,0.85,22300.0,1.0,22200.0,0.31,22000.0,0.92,21900.0,0.12,21800.0,0.07,22900.0,1.0,23000.0,1.0,23100.0,1.0,23200.0,1.0,23300.0,1.0,23400.0,1.0,23500.0,1.0,23600.0,1.0,23700.0,1.0,23800.0,1.0
000629.SZ,2020-08-11,09:33:10,22900.0,500.0,11450000.0,22800.0,1.0,22700.0,1.0,22600.0,1.0,22500.0,1,22400.0,0.85,22300.0,1.0,22200.0,0.31,22000.0,0.92,21900.0,0.12,21800.0,0.07,22900.0,1.0,23000.0,1.0,23100.0,1.0,23200.0,1.0,23300.0,1.0,23400.0,1.0,23500.0,1.0,23600.0,1.0,23700.0,1.0,23800.0,1.0
000629.SZ,2020-08-11,09:33:11,22900.0,0.0,0.0,22800.0,1.0,22700.0,1.0,22600.0,1.0,22500.0,1,22400.0,0.85,22300.0,1.0,22200.0,0.31,22000.0,0.92,21900.0,0.12,21800.0,0.07,22900.0,1.0,23000.0,1.0,23100.0,1.0,23200.0,1.0,23300.0,1.0,23400.0,1.0,23500.0,1.0,23600.0,1.0,23700.0,1.0,23800.0,1.0
000629.SZ,2020-08-11,09:33:12,22900.0,100.0,2290000.0,22800.0,1.0,22700.0,1.0,22600.0,1.0,22500.0,1,22400.0,0.96,22300.0,1.0,22200.0,0.31,22000.0,0.92,21900.0,0.12,21800.0,0.07,22900.0,1.0,23000.0,1.0,23100.0,1.0,23200.0,1.0,23300.0,1.0,23400.0,1.0,23500.0,1.0,23600.0,1.0,23700.0,1.0,23800.0,1.0
000629.SZ,2020-08-11,09:33:13,22900.0,11700.0,266760000.0,22800.0,1.0,22700.0,1.0,22600.0,1.0,22500.0,1,22400.0,0.96,22300.0,1.0,22200.0,0.31,22000.0,0.92,21900.0,0.12,21800.0,0.07,22900.0,1.0,23000.0,1.0,23100.0,1.0,23200.0,1.0,23300.0,1.0,23400.0,1.0,23500.0,1.0,23600.0,1.0,23700.0,1.0,23800.0,1.0
000629.SZ,2020-08-11,09:33:14,22800.0,0.0,0.0,22800.0,1.0,22700.0,1.0,22600.0,1.0,22500.0,1,22400.0,0.96,22300.0,1.0,22200.0,0.31,22000.0,0.92,21900.0,0.12,21800.0,0.07,22900.0,1.0,23000.0,1.0,23100.0,1.0,23200.0,1.0,23300.0,1.0,23400.0,1.0,23500.0,1.0,23600.0,1.0,23700.0,1.0,23800.0,1.0
000629.SZ,2020-08-11,09:33:15,22800.0,10000.0,229000000.0,22800.0,1.0,22700.0,1.0,22600.0,1.0,22500.0,1,22400.0,0.96,22300.0,1.0,22200.0,0.31,22000.0,0.92,21900.0,0.12,21800.0,0.07,22900.0,1.0,23000.0,1.0,23100.0,1.0,23200.0,1.0,23300.0,1.0,23400.0,1.0,23500.0,1.0,23600.0,1.0,23700.0,1.0,23800.0,1.0
000629.SZ,2020-08-11,09:33:16,22900.0,0.0,0.0,22800.0,1.0,22700.0,1.0,22600.0,1.0,22500.0,1,22400.0,0.96,22300.0,1.0,22200.0,0.31,22000.0,0.92,21900.0,0.12,21800.0,0.07,22900.0,1.0,23000.0,1.0,23100.0,1.0,23200.0,1.0,23300.0,1.0,23400.0,1.0,23500.0,1.0,23600.0,1.0,23700.0,1.0,23800.0,1.0
000629.SZ,2020-08-11,09:33:17,22900.0,2100.0,48079500.0,22800.0,1.0,22700.0,1.0,22600.0,1.0,22500.0,1,22400.0,0.96,22300.0,1.0,22200.0,0.31,22000.0,0.92,21900.0,0.12,21800.0,0.07,22900.0,1.0,23000.0,1.0,23100.0,1.0,23200.0,1.0,23300.0,1.0,23400.0,1.0,23500.0,1.0,23600.0,1.0,23700.0,1.0,23800.0,1.0
000629.SZ,2020-08-11,09:33:18,22800.0,56300.0,1284259300.0,22800.0,1.0,22700.0,1.0,22600.0,1.0,22500.0,1,22400.0,0.96,22300.0,1.0,22200.0,0.31,22000.0,0.92,21900.0,0.12,21800.0,0.07,22900.0,1.0,23000.0,1.0,23100.0,1.0,23200.0,1.0,23300.0,1.0,23400.0,1.0,23500.0,1.0,23600.0,1.0,23700.0,1.0,23800.0,1.0
000629.SZ,2020-08-11,09:33:19,22900.0,3000.0,68400000.0,22800.0,1.0,22700.0,1.0,22600.0,1.0,22500.0,1,22400.0,0.96,22300.0,1.0,22200.0,0.31,22000.0,0.92,21900.0,0.12,21800.0,0.07,22900.0,1.0,23000.0,1.0,23100.0,1.0,23200.0,1.0,23300.0,1.0,23400.0,1.0,23500.0,1.0,23600.0,1.0,23700.0,1.0,23800.0,1.0
000629.SZ,2020-08-11,09:33:20,22800.0,14800.0,337440000.0,22800.0,1.0,22700.0,1.0,22600.0,1.0,22500.0,1,22400.0,0.96,22300.0,1.0,22200.0,0.31,22000.0,0.92,21900.0,0.12,21800.0,0.07,22900.0,1.0,23000.0,1.0,23100.0,1.0,23200.0,1.0,23300.0,1.0,23400.0,1.0,23500.0,1.0,23600.0,1.0,23700.0,1.0,23800.0,1.0
000629.SZ,2020-08-11,09:33:21,22800.0,5800.0,132820000.0,22800.0,1.0,22700.0,1.0,22600.0,1.0,22500.0,1,22400.0,0.96,22300.0,1.0,22200.0,0.31,22000.0,0.92,21900.0,0.12,21800.0,0.07,22900.0,1.0,23000.0,1.0,23100.0,1.0,23200.0,1.0,23300.0,1.0,23400.0,1.0,23500.0,1.0,23600.0,1.0,23700.0,1.0,23800.0,1.0
000629.SZ,2020-08-11,09:33:22,22900.0,12100.0,275880000.0,22800.0,1.0,22700.0,1.0,22600.0,1.0,22500.0,1,22400.0,0.96,22300.0,1.0,22200.0,0.31,22000.0,0.92,21900.0,0.12,21800.0,0.07,22900.0,1.0,23000.0,1.0,23100.0,1.0,23200.0,1.0,23300.0,1.0,23400.0,1.0,23500.0,1.0,23600.0,1.0,23700.0,1.0,23800.0,1.0
000629.SZ,2020-08-11,09:33:23,22800.0,2600.0,59280000.0,22800.0,1.0,22700.0,1.0,22600.0,1.0,22500.0,1,22400.0,0.96,22300.0,1.0,22200.0,0.31,22000.0,0.92,21900.0,0.12,21800.0,0.07,22900.0,1.0,23000.0,1.0,23100.0,1.0,23200.0,1.0,23300.0,1.0,23400.0,1.0,23500.0,1.0,23600.0,1.0,23700.0,1.0,23800.0,1.0
000629.SZ,2020-08-11,09:33:24,22800.0,2500.0,57250000.0,22800.0,1.0,22700.0,1.0,22600.0,1.0,22500.0,1,22400.0,0.96,22300.0,1.0,22200.0,0.31,22000.0,0.92,21900.0,0.12,21800.0,0.07,22900.0,1.0,23000.0,1.0,23100.0,1.0,23200.0,1.0,23300.0,1.0,23400.0,1.0,23500.0,1.0,23600.0,1.0,23700.0,1.0,23800.0,1.0
000629.SZ,2020-08-11,09:33:25,22900.0,2200.0,50160000.0,22800.0,1.0,22700.0,1.0,22600.0,1.0,22500.0,1,22400.0,0.96,22300.0,1.0,22200.0,0.31,22000.0,0.92,21900.0,0.12,21800.0,0.07,22900.0,1.0,23000.0,1.0,23100.0,1.0,23200.0,1.0,23300.0,1.0,23400.0,1.0,23500.0,1.0,23600.0,1.0,23700.0,1.0,23800.0,1.0
000629.SZ,2020-08-11,09:33:26,22800.0,0.0,0.0,22800.0,1.0,22700.0,1.0,22600.0,1.0,22500.0,1,22400.0,0.96,22300.0,1.0,22200.0,0.31,22000.0,0.92,21900.0,0.12,21800.0,0.07,22900.0,1.0,23000.0,1.0,23100.0,1.0,23200.0,1.0,23300.0,1.0,23400.0,1.0,23500.0,1.0,23600.0,1.0,23700.0,1.0,23800.0,1.0
000629.SZ,2020-08-11,09:33:27,22800.0,400.0,9160000.0,22800.0,1.0,22700.0,1.0,22600.0,1.0,22500.0,1,22400.0,0.98,22300.0,1.0,22200.0,0.31,22000.0,0.92,21900.0,0.12,21800.0,0.07,22900.0,1.0,23000.0,1.0,23100.0,1.0,23200.0,1.0,23300.0,1.0,23400.0,1.0,23500.0,1.0,23600.0,1.0,23700.0,1.0,23800.0,1.0
000629.SZ,2020-08-11,09:33:28,22900.0,2200.0,50369000.0,22800.0,1.0,22700.0,1.0,22600.0,1.0,22500.0,1,22400.0,0.98,22300.0,1.0,22200.0,0.31,22000.0,0.92,21900.0,0.12,21800.0,0.07,22900.0,1.0,23000.0,1.0,23100.0,1.0,23200.0,1.0,23300.0,1.0,23400.0,1.0,23500.0,1.0,23600.0,1.0,23700.0,1.0,23800.0,1.0
000629.SZ,2020-08-11,09:33:29,22900.0,4000.0,91200000.0,22800.0,1.0,22700.0,1.0,22600.0,1.0,22500.0,1,22400.0,0.98,22300.0,1.0,22200.0,0.31,22000.0,0.92,21900.0,0.12,21800.0,0.07,22900.0,1.0,23000.0,1.0,23100.0,1.0,23200.0,1.0,23300.0,1.0,23400.0,1.0,23500.0,1.0,23600.0,1.0,23700.0,1.0,23800.0,1.0
000629.SZ,2020-08-11,09:33:30,22800.0,200.0,4580000.0,22800.0,1.0,22700.0,1.0,22600.0,1.0,22500.0,1,22400.0,0.98,22300.0,1.0,22200.0,0.31,22000.0,0.92,21900.0,0.12,21800.0,0.07,22900.0,1.0,23000.0,1.0,23100.0,1.0,23200.0,1.0,23300.0,1.0,23400.0,1.0,23500.0,1.0,23600.0,1.0,23700.0,1.0,23800.0,1.0
000629.SZ,2020-08-11,09:33:31,22900.0,9500.0,216600000.0,22800.0,1.0,22700.0,1.0,22600.0,1.0,22500.0,1,22400.0,0.98,22300.0,1.0,22200.0,0.31,22000.0,0.92,21900.0,0.13,21800.0,0.07,22900.0,1.0,23000.0,1.0,23100.0,1.0,23200.0,1.0,23300.0,1.0,23400.0,1.0,23500.0,1.0,23600.0,1.0,23700.0,1.0,23800.0,1.0
000629.SZ,2020-08-11,09:33:32,22800.0,700.0,16030000.0,22800.0,1.0,22700.0,1.0,22600.0,1.0,22500.0,1,22400.0,0.98,22300.0,1.0,22200.0,0.31,22000.0,0.92,21900.0,0.13,21800.0,0.07,22900.0,1.0,23000.0,1.0,23100.0,1.0,23200.0,1.0,23300.0,1.0,23400.0,1.0,23500.0,1.0,23600.0,1.0,23700.0,1.0,23800.0,1.0
000629.SZ,2020-08-11,09:33:33,22900.0,700.0,16030000.0,22800.0,1.0,22700.0,1.0,22600.0,1.0,22500.0,1,22400.0,0.98,22300.0,1.0,22200.0,0.31,22000.0,0.92,21900.0,0.13,21800.0,0.07,22900.0,1.0,23000.0,1.0,23100.0,1.0,23200.0,1.0,23300.0,1.0,23400.0,1.0,23500.0,1.0,23600.0,1.0,23700.0,1.0,23800.0,1.0
000629.SZ,2020-08-11,09:33:34,22900.0,0.0,0.0,22800.0,1.0,22700.0,1.0,22600.0,1.0,22500.0,1,22400.0,0.99,22300.0,1.0,22200.0,0.31,22000.0,0.93,21900.0,0.13,21800.0,0.07,22900.0,1.0,23000.0,1.0,23100.0,1.0,23200.0,1.0,23300.0,1.0,23400.0,1.0,23500.0,1.0,23600.0,1.0,23700.0,1.0,23800.0,1.0
000629.SZ,2020-08-11,09:33:35,22900.0,0.0,0.0,22800.0,1.0,22700.0,1.0,22600.0,1.0,22500.0,1,22400.0,1.0,22300.0,1.0,22200.0,0.31,22000.0,0.93,21900.0,0.13,21800.0,0.07,22900.0,1.0,23000.0,1.0,23100.0,1.0,23200.0,1.0,23300.0,1.0,23400.0,1.0,23500.0,1.0,23600.0,1.0,23700.0,1.0,23800.0,1.0
000629.SZ,2020-08-11,09:33:36,22900.0,18500.0,423650000.0,22800.0,1.0,22700.0,1.0,22600.0,1.0,22500.0,1,22400.0,1.0,22300.0,1.0,22200.0,0.31,22000.0,0.93,21900.0,0.13,21800.0,0.07,22900.0,1.0,23000.0,1.0,23100.0,1.0,23200.0,1.0,23300.0,1.0,23400.0,1.0,23500.0,1.0,23600.0,1.0,23700.0,1.0,23800.0,1.0
000629.SZ,2020-08-11,09:33:37,22900.0,0.0,0.0,22800.0,1.0,22700.0,1.0,22600.0,1.0,22500.0,1,22400.0,1.0,22300.0,1.0,22200.0,0.31,22000.0,0.93,21900.0,0.13,21800.0,0.07,22900.0,1.0,23000.0,1.0,23100.0,1.0,23200.0,1.0,23300.0,1.0,23400.0,1.0,23500.0,1.0,23600.0,1.0,23700.0,1.0,23800.0,1.0
000629.SZ,2020-08-11,09:33:38,22900.0,0.0,0.0,22800.0,1.0,22700.0,1.0,22600.0,1.0,22500.0,1,22400.0,1.0,22300.0,1.0,22200.0,0.32,22000.0,0.96,21900.0,0.13,21800.0,0.07,22900.0,1.0,23000.0,1.0,23100.0,1.0,23200.0,1.0,23300.0,1.0,23400.0,1.0,23500.0,1.0,23600.0,1.0,23700.0,1.0,23800.0,1.0
000629.SZ,2020-08-11,09:33:39,22900.0,1700.0,38930000.0,22800.0,1.0,22700.0,1.0,22600.0,1.0,22500.0,1,22400.0,1.0,22300.0,1.0,22200.0,0.32,22000.0,0.96,21900.0,0.13,21800.0,0.07,22900.0,1.0,23000.0,1.0,23100.0,1.0,23200.0,1.0,23300.0,1.0,23400.0,1.0,23500.0,1.0,23600.0,1.0,23700.0,1.0,23800.0,1.0
000629.SZ,2020-08-11,09:33:40,22900.0,0.0,0.0,22800.0,1.0,22700.0,1.0,22600.0,1.0,22500.0,1,22400.0,1.0,22300.0,1.0,22200.0,0.32,22000.0,0.96,21900.0,0.13,21800.0,0.07,22900.0,1.0,23000.0,1.0,23100.0,1.0,23200.0,1.0,23300.0,1.0,23400.0,1.0,23500.0,1.0,23600.0,1.0,23700.0,1.0,23800.0,1.0
000629.SZ,2020-08-11,09:33:41,22900.0,0.0,0.0,22800.0,1.0,22700.0,1.0,22600.0,1.0,22500.0,1,22400.0,1.0,22300.0,1.0,22200.0,0.32,22000.0,0.96,21900.0,0.13,21800.0,0.07,22900.0,1.0,23000.0,1.0,23100.0,1.0,23200.0,1.0,23300.0,1.0,23400.0,1.0,23500.0,1.0,23600.0,1.0,23700.0,1.0,23800.0,1.0
000629.SZ,2020-08-11,09:33:42,22900.0,0.0,0.0,22800.0,1.0,22700.0,1.0,22600.0,1.0,22500.0,1,22400.0,1.0,22300.0,1.0,22200.0,0.32,22000.0,0.96,21900.0,0.13,21800.0,0.07,22900.0,1.0,23000.0,1.0,23100.0,1.0,23200.0,1.0,23300.0,1.0,23400.0,1.0,23500.0,1.0,23600.0,1.0,23700.0,1.0,23800.0,1.0
000629.SZ,2020-08-11,09:33:43,22900.0,156700.0,3587333100.0,22800.0,1.0,22700.0,1.0,22600.0,1.0,22500.0,1,22400.0,1.0,22300.0,1.0,22200.0,0.32,22000.0,0.96,21900.0,0.13,21800.0,0.07,22900.0,1.0,23000.0,1.0,23100.0,1.0,23200.0,1.0,23300.0,1.0,23400.0,1.0,23500.0,1.0,23600.0,1.0,23700.0,1.0,23800.0,1.0
000629.SZ,2020-08-11,09:33:44,22800.0,0.0,0.0,22800.0,1.0,22700.0,1.0,22600.0,1.0,22500.0,1,22400.0,1.0,22300.0,1.0,22200.0,0.32,22000.0,0.96,21900.0,0.13,21800.0,0.07,22900.0,1.0,23000.0,1.0,23100.0,1.0,23200.0,1.0,23300.0,1.0,23400.0,1.0,23500.0,1.0,23600.0,1.0,23700.0,1.0,23800.0,1.0
000629.SZ,2020-08-11,09:33:45,22800.0,0.0,0.0,22800.0,1.0,22700.0,1.0,22600.0,1.0,22500.0,1,22400.0,1.0,22300.0,1.0,22200.0,0.32,22000.0,0.96,21900.0,0.13,21800.0,0.07,22900.0,1.0,23000.0,1.0,23100.0,1.0,23200.0,1.0,23300.0,1.0,23400.0,1.0,23500.0,1.0,23600.0,1.0,23700.0,1.0,23800.0,1.0
000629.SZ,2020-08-11,09:33:46,22800.0,400.0,9120000.0,22800.0,1.0,22700.0,1.0,22600.0,1.0,22500.0,1,22400.0,1.0,22300.0,1.0,22200.0,0.32,22000.0,0.96,21900.0,0.13,21800.0,0.07,22900.0,1.0,23000.0,1.0,23100.0,1.0,23200.0,1.0,23300.0,1.0,23400.0,1.0,23500.0,1.0,23600.0,1.0,23700.0,1.0,23800.0,1.0
000629.SZ,2020-08-11,09:33:47,22800.0,22000.0,501600000.0,22800.0,1.0,22700.0,1.0,22600.0,1.0,22500.0,1,22400.0,1.0,22300.0,1.0,22200.0,0.32,22000.0,0.96,21900.0,0.13,21800.0,0.07,22900.0,1.0,23000.0,1.0,23100.0,1.0,23200.0,1.0,23300.0,1.0,23400.0,1.0,23500.0,1.0,23600.0,1.0,23700.0,1.0,23800.0,1.0
000629.SZ,2020-08-11,09:33:48,22800.0,15500.0,354950000.0,22800.0,1.0,22700.0,1.0,22600.0,1.0,22500.0,1,22400.0,1.0,22300.0,1.0,22200.0,0.32,22000.0,0.96,21900.0,0.13,21800.0,0.07,22900.0,1.0,23000.0,1.0,23100.0,1.0,23200.0,1.0,23300.0,1.0,23400.0,1.0,23500.0,1.0,23600.0,1.0,23700.0,1.0,23800.0,1.0
000629.SZ,2020-08-11,09:33:49,22900.0,100.0,2280000.0,22800.0,1.0,22700.0,1.0,22600.0,1.0,22500.0,1,22400.0,1.0,22300.0,1.0,22200.0,0.32,22000.0,0.96,21900.0,0.13,21800.0,0.07,22900.0,1.0,23000.0,1.0,23100.0,1.0,23200.0,1.0,23300.0,1.0,23400.0,1.0,23500.0,1.0,23600.0,1.0,23700.0,1.0,23800.0,1.0
000629.SZ,2020-08-11,09:33:50,22800.0,0.0,0.0,22800.0,1.0,22700.0,1.0,22600.0,1.0,22500.0,1,22400.0,1.0,22300.0,1.0,22200.0,0.32,22000.0,0.96,21900.0,0.13,21800.0,0.07,22900.0,1.0,23000.0,1.0,23100.0,1.0,23200.0,1.0,23300.0,1.0,23400.0,1.0,23500.0,1.0,23600.0,1.0,23700.0,1.0,23800.0,1.0
000629.SZ,2020-08-11,09:33:51,22800.0,11100.0,254190000.0,22800.0,1.0,22700.0,1.0,22600.0,1.0,22500.0,1,22400.0,1.0,22300.0,1.0,22200.0,0.32,22000.0,0.96,21900.0,0.13,21800.0,0.07,22900.0,1.0,23000.0,1.0,23100.0,1.0,23200.0,1.0,23300.0,1.0,23400.0,1.0,23500.0,1.0,23600.0,1.0,23700.0,1.0,23800.0,1.0
000629.SZ,2020-08-11,09:33:52,22900.0,0.0,0.0,22800.0,1.0,22700.0,1.0,22600.0,1.0,22500.0,1,22400.0,1.0,22300.0,1.0,22200.0,0.32,22000.0,0.96,21900.0,0.13,21800.0,0.07,22900.0,1.0,23000.0,1.0,23100.0,1.0,23200.0,1.0,23300.0,1.0,23400.0,1.0,23500.0,1.0,23600.0,1.0,23700.0,1.0,23800.0,1.0
000629.SZ,2020-08-11,09:33:53,22900.0,22800.0,522120000.0,22800.0,1.0,22700.0,1.0,22600.0,1.0,22500.0,1,22400.0,1.0,22300.0,1.0,22200.0,0.32,22000.0,0.96,21900.0,0.13,21800.0,0.07,22900.0,1.0,23000.0,1.0,23100.0,1.0,23200.0,1.0,23300.0,1.0,23400.0,1.0,23500.0,1.0,23600.0,1.0,23700.0,1.0,23800.0,1.0
000629.SZ,2020-08-11,09:33:54,22900.0,29900.0,684710000.0,22800.0,1.0,22700.0,1.0,22600.0,1.0,22500.0,1,22400.0,1.0,22300.0,1.0,22200.0,0.32,22000.0,0.96,21900.0,0.13,21800.0,0.07,22900.0,1.0,23000.0,1.0,23100.0,1.0,23200.0,1.0,23300.0,1.0,23400.0,1.0,23500.0,1.0,23600.0,1.0,23700.0,1.0,23800.0,1.0
000629.SZ,2020-08-11,09:33:55,22900.0,0.0,0.0,22800.0,1.0,22700.0,1.0,22600.0,1.0,22500.0,1,22400.0,1.0,22300.0,1.0,22200.0,0.32,22000.0,0.96,21900.0,0.13,21800.0,0.07,22900.0,1.0,23000.0,1.0,23100.0,1.0,23200.0,1.0,23300.0,1.0,23400.0,1.0,23500.0,1.0,23600.0,1.0,23700.0,1.0,23800.0,1.0
000629.SZ,2020-08-11,09:33:56,22900.0,0.0,0.0,22800.0,1.0,22700.0,1.0,22600.0,1.0,22500.0,1,22400.0,1.0,22300.0,1.0,22200.0,0.32,22000.0,0.96,21900.0,0.13,21800.0,0.07,22900.0,1.0,23000.0,1.0,23100.0,1.0,23200.0,1.0,23300.0,1.0,23400.0,1.0,23500.0,1.0,23600.0,1.0,23700.0,1.0,23800.0,1.0
000629.SZ,2020-08-11,09:33:57,22900.0,5100.0,116790000.0,22800.0,1.0,22700.0,1.0,22600.0,1.0,22500.0,1,22400.0,1.0,22300.0,1.0,22200.0,0.32,22000.0,0.96,21900.0,0.13,21800.0,0.07,22900.0,1.0,23000.0,1.0,23100.0,1.0,23200.0,1.0,23300.0,1.0,23400.0,1.0,23500.0,1.0,23600.0,1.0,23700.0,1.0,23800.0,1.0
000629.SZ,2020-08-11,09:33:58,22900.0,25900.0,590520000.0,22800.0,1.0,22700.0,1.0,22600.0,1.0,22500.0,1,22400.0,1.0,22300.0,1.0,22200.0,0.32,22000.0,0.96,21900.0,0.13,21800.0,0.07,22900.0,1.0,23000.0,1.0,23100.0,1.0,23200.0,1.0,23300.0,1.0,23400.0,1.0,23500.0,1.0,23600.0,1.0,23700.0,1.0,23800.0,1.0
000629.SZ,2020-08-11,09:33:59,22800.0,200.0,4560000.0,22800.0,1.0,22700.0,1.0,22600.0,1.0,22500.0,1,22400.0,1.0,22300.0,1.0,22200.0,0.32,22000.0,0.96,21900.0,0.13,21800.0,0.07,22900.0,1.0,23000.0,1.0,23100.0,1.0,23200.0,1.0,23300.0,1.0,23400.0,1.0,23500.0,1.0,23600.0,1.0,23700.0,1.0,23800.0,1.0
000629.SZ,2020-08-11,09:34:00,22800.0,0.0,0.0,22800.0,1.0,22700.0,1.0,22600.0,1.0,22500.0,1,22400.0,1.0,22300.0,1.0,22200.0,0.32,22000.0,0.96,21900.0,0.13,21800.0,0.07,22900.0,1.0,23000.0,1.0,23100.0,1.0,23200.0,1.0,23300.0,1.0,23400.0,1.0,23500.0,1.0,23600.0,1.0,23700.0,1.0,23800.0,1.0
000629.SZ,2020-08-11,09:34:01,22800.0,24000.0,547200000.0,22800.0,1.0,22700.0,1.0,22600.0,1.0,22500.0,1,22400.0,1.0,22300.0,1.0,22200.0,0.32,22000.0,0.96,21900.0,0.13,21800.0,0.07,22900.0,1.0,23000.0,1.0,23100.0,1.0,23200.0,1.0,23300.0,1.0,23400.0,1.0,23500.0,1.0,23600.0,1.0,23700.0,1.0,23800.0,1.0
000629.SZ,2020-08-11,09:34:02,22800.0,5500.0,125950000.0,22800.0,1.0,22700.0,1.0,22600.0,1.0,22500.0,1,22400.0,1.0,22300.0,1.0,22200.0,0.32,22000.0,0.96,21900.0,0.13,21800.0,0.07,22900.0,1.0,23000.0,1.0,23100.0,1.0,23200.0,1.0,23300.0,1.0,23400.0,1.0,23500.0,1.0,23600.0,1.0,23700.0,1.0,23800.0,1.0
000629.SZ,2020-08-11,09:34:03,22900.0,2600.0,59540000.0,22800.0,1.0,22700.0,1.0,22600.0,1.0,22500.0,1,22400.0,1.0,22300.0,1.0,22200.0,0.32,22000.0,0.96,21900.0,0.13,21800.0,0.07,22900.0,1.0,23000.0,1.0,23100.0,1.0,23200.0,1.0,23300.0,1.0,23400.0,1.0,23500.0,1.0,23600.0,1.0,23700.0,1.0,23800.0,1.0
000629.SZ,2020-08-11,09:34:04,22900.0,0.0,0.0,22800.0,1.0,22700.0,1.0,22600.0,1.0,22500.0,1,22400.0,1.0,22300.0,1.0,22200.0,0.32,22000.0,0.96,21900.0,0.13,21800.0,0.07,22900.0,1.0,23000.0,1.0,23100.0,1.0,23200.0,1.0,23300.0,1.0,23400.0,1.0,23500.0,1.0,23600.0,1.0,23700.0,1.0,23800.0,1.0
000629.SZ,2020-08-11,09:34:05,22900.0,6200.0,141980000.0,22800.0,1.0,22700.0,1.0,22600.0,1.0,22500.0,1,22400.0,1.0,22300.0,1.0,22200.0,0.32,22000.0,0.96,21900.0,0.13,21800.0,0.07,22900.0,1.0,23000.0,1.0,23100.0,1.0,23200.0,1.0,23300.0,1.0,23400.0,1.0,23500.0,1.0,23600.0,1.0,23700.0,1.0,23800.0,1.0
000629.SZ,2020-08-11,09:34:06,22900.0,2900.0,66410000.0,22800.0,1.0,22700.0,1.0,22600.0,1.0,22500.0,1,22400.0,1.0,22300.0,1.0,22200.0,0.32,22000.0,0.96,21900.0,0.13,21800.0,0.07,22900.0,1.0,23000.0,1.0,23100.0,1.0,23200.0,1.0,23300.0,1.0,23400.0,1.0,23500.0,1.0,23600.0,1.0,23700.0,1.0,23800.0,1.0
000629.SZ,2020-08-11,09:34:07,22900.0,12400.0,283216000.0,22800.0,1.0,22700.0,1.0,22600.0,1.0,22500.0,1,22400.0,1.0,22300.0,1.0,22200.0,0.32,22000.0,1.0,21900.0,0.13,21800.0,0.07,22900.0,1.0,23000.0,1.0,23100.0,1.0,23200.0,1.0,23300.0,1.0,23400.0,1.0,23500.0,1.0,23600.0,1.0,23700.0,1.0,23800.0,1.0
000629.SZ,2020-08-11,09:34:08,22900.0,2800.0,64120000.0,22800.0,1.0,22700.0,1.0,22600.0,1.0,22500.0,1,22400.0,1.0,22300.0,1.0,22200.0,0.32,22000.0,1.0,21900.0,0.13,21800.0,0.07,22900.0,1.0,23000.0,1.0,23100.0,1.0,23200.0,1.0,23300.0,1.0,23400.0,1.0,23500.0,1.0,23600.0,1.0,23700.0,1.0,23800.0,1.0
000629.SZ,2020-08-11,09:34:09,22900.0,600.0,13740000.0,22800.0,1.0,22700.0,1.0,22600.0,1.0,22500.0,1,22400.0,1.0,22300.0,1.0,22200.0,0.32,22000.0,1.0,21900.0,0.13,21800.0,0.07,22900.0,1.0,23000.0,1.0,23100.0,1.0,23200.0,1.0,23300.0,1.0,23400.0,1.0,23500.0,1.0,23600.0,1.0,23700.0,1.0,23800.0,1.0
000629.SZ,2020-08-11,09:34:10,22900.0,15200.0,346560000.0,22800.0,1.0,22700.0,1.0,22600.0,1.0,22500.0,1,22400.0,1.0,22300.0,1.0,22200.0,0.32,22000.0,1.0,21900.0,0.13,21800.0,0.07,22900.0,1.0,23000.0,1.0,23100.0,1.0,23200.0,1.0,23300.0,1.0,23400.0,1.0,23500.0,1.0,23600.0,1.0,23700.0,1.0,23800.0,1.0
000629.SZ,2020-08-11,09:34:11,22800.0,400.0,9160000.0,22800.0,1.0,22700.0,1.0,22600.0,1.0,22500.0,1,22400.0,1.0,22300.0,1.0,22200.0,0.32,22000.0,1.0,21900.0,0.13,21800.0,0.07,22900.0,1.0,23000.0,1.0,23100.0,1.0,23200.0,1.0,23300.0,1.0,23400.0,1.0,23500.0,1.0,23600.0,1.0,23700.0,1.0,23800.0,1.0
000629.SZ,2020-08-11,09:34:12,22900.0,1500.0,34350000.0,22800.0,1.0,22700.0,1.0,22600.0,1.0,22500.0,1,22400.0,1.0,22300.0,1.0,22200.0,0.32,22000.0,1.0,21900.0,0.13,21800.0,0.07,22900.0,1.0,23000.0,1.0,23100.0,1.0,23200.0,1.0,23300.0,1.0,23400.0,1.0,23500.0,1.0,23600.0,1.0,23700.0,1.0,23800.0,1.0
000629.SZ,2020-08-11,09:34:13,22900.0,0.0,0.0,22800.0,1.0,22700.0,1.0,22600.0,1.0,22500.0,1,22400.0,1.0,22300.0,1.0,22200.0,0.32,22000.0,1.0,21900.0,0.13,21800.0,0.07,22900.0,1.0,23000.0,1.0,23100.0,1.0,23200.0,1.0,23300.0,1.0,23400.0,1.0,23500.0,1.0,23600.0,1.0,23700.0,1.0,23800.0,1.0
000629.SZ,2020-08-11,09:34:14,22900.0,0.0,0.0,22800.0,1.0,22700.0,1.0,22600.0,1.0,22500.0,1,22400.0,1.0,22300.0,1.0,22200.0,0.32,22000.0,1.0,21900.0,0.13,21800.0,0.07,22900.0,1.0,23000.0,1.0,23100.0,1.0,23200.0,1.0,23300.0,1.0,23400.0,1.0,23500.0,1.0,23600.0,1.0,23700.0,1.0,23800.0,1.0
000629.SZ,2020-08-11,09:34:15,22900.0,1600.0,36640000.0,22800.0,1.0,22700.0,1.0,22600.0,1.0,22500.0,1,22400.0,1.0,22300.0,1.0,22200.0,0.32,22000.0,1.0,21900.0,0.13,21800.0,0.07,22900.0,1.0,23000.0,1.0,23100.0,1.0,23200.0,1.0,23300.0,1.0,23400.0,1.0,23500.0,1.0,23600.0,1.0,23700.0,1.0,23800.0,1.0
000629.SZ,2020-08-11,09:34:16,22900.0,4800.0,109440000.0,22800.0,1.0,22700.0,1.0,22600.0,1.0,22500.0,1,22400.0,1.0,22300.0,1.0,22200.0,0.32,22000.0,1.0,21900.0,0.13,21800.0,0.07,22900.0,1.0,23000.0,1.0,23100.0,1.0,23200.0,1.0,23300.0,1.0,23400.0,1.0,23500.0,1.0,23600.0,1.0,23700.0,1.0,23800.0,1.0
000629.SZ,2020-08-11,09:34:17,22800.0,0.0,0.0,22800.0,1.0,22700.0,1.0,22600.0,1.0,22500.0,1,22400.0,1.0,22300.0,1.0,22200.0,0.32,22000.0,1.0,21900.0,0.13,21800.0,0.07,22900.0,1.0,23000.0,1.0,23100.0,1.0,23200.0,1.0,23300.0,1.0,23400.0,1.0,23500.0,1.0,23600.0,1.0,23700.0,1.0,23800.0,1.0
000629.SZ,2020-08-11,09:34:18,22800.0,2100.0,48090000.0,22800.0,1.0,22700.0,1.0,22600.0,1.0,22500.0,1,22400.0,1.0,22300.0,1.0,22200.0,0.32,22000.0,1.0,21900.0,0.13,21800.0,0.07,22900.0,1.0,23000.0,1.0,23100.0,1.0,23200.0,1.0,23300.0,1.0,23400.0,1.0,23500.0,1.0,23600.0,1.0,23700.0,1.0,23800.0,1.0
000629.SZ,2020-08-11,09:34:19,22900.0,100.0,2290000.0,22800.0,1.0,22700.0,1.0,22600.0,1.0,22500.0,1,22400.0,1.0,22300.0,1.0,22200.0,0.32,22000.0,1.0,21900.0,0.13,21800.0,0.07,22900.0,1.0,23000.0,1.0,23100.0,1.0,23200.0,1.0,23300.0,1.0,23400.0,1.0,23500.0,1.0,23600.0,1.0,23700.0,1.0,23800.0,1.0
000629.SZ,2020-08-11,09:34:20,22900.0,23000.0,524400000.0,22800.0,1.0,22700.0,1.0,22600.0,1.0,22500.0,1,22400.0,1.0,22300.0,1.0,22200.0,0.32,22000.0,1.0,21900.0,0.13,21800.0,0.07,22900.0,1.0,23000.0,1.0,23100.0,1.0,23200.0,1.0,23300.0,1.0,23400.0,1.0,23500.0,1.0,23600.0,1.0,23700.0,1.0,23800.0,1.0
000629.SZ,2020-08-11,09:34:21,22800.0,700.0,16030000.0,22800.0,1.0,22700.0,1.0,22600.0,1.0,22500.0,1,22400.0,1.0,22300.0,1.0,22200.0,0.32,22000.0,1.0,21900.0,0.13,21800.0,0.07,22900.0,1.0,23000.0,1.0,23100.0,1.0,23200.0,1.0,23300.0,1.0,23400.0,1.0,23500.0,1.0,23600.0,1.0,23700.0,1.0,23800.0,1.0
000629.SZ,2020-08-11,09:34:22,22900.0,10600.0,242740000.0,22800.0,1.0,22700.0,1.0,22600.0,1.0,22500.0,1,22400.0,1.0,22300.0,1.0,22200.0,0.32,22000.0,1.0,21900.0,0.13,21800.0,0.07,22900.0,1.0,23000.0,1.0,23100.0,1.0,23200.0,1.0,23300.0,1.0,23400.0,1.0,23500.0,1.0,23600.0,1.0,23700.0,1.0,23800.0,1.0
000629.SZ,2020-08-11,09:34:23,22900.0,0.0,0.0,22800.0,1.0,22700.0,1.0,22600.0,1.0,22500.0,1,22400.0,1.0,22300.0,1.0,22200.0,0.32,22000.0,1.0,21900.0,0.13,21800.0,0.07,22900.0,1.0,23000.0,1.0,23100.0,1.0,23200.0,1.0,23300.0,1.0,23400.0,1.0,23500.0,1.0,23600.0,1.0,23700.0,1.0,23800.0,1.0
000629.SZ,2020-08-11,09:34:24,22900.0,2200.0,50380000.0,22800.0,1.0,22700.0,1.0,22600.0,1.0,22500.0,1,22400.0,1.0,22300.0,1.0,22200.0,0.32,22000.0,1.0,21900.0,0.13,21800.0,0.07,22900.0,1.0,23000.0,1.0,23100.0,1.0,23200.0,1.0,23300.0,1.0,23400.0,1.0,23500.0,1.0,23600.0,1.0,23700.0,1.0,23800.0,1.0
000629.SZ,2020-08-11,09:34:25,22900.0,3000.0,68700000.0,22800.0,1.0,22700.0,1.0,22600.0,1.0,22500.0,1,22400.0,1.0,22300.0,1.0,22200.0,0.32,22000.0,1.0,21900.0,0.13,21800.0,0.07,22900.0,1.0,23000.0,1.0,23100.0,1.0,23200.0,1.0,23300.0,1.0,23400.0,1.0,23500.0,1.0,23600.0,1.0,23700.0,1.0,23800.0,1.0
000629.SZ,2020-08-11,09:34:26,22900.0,1400.0,32060000.0,22800.0,1.0,22700.0,1.0,22600.0,1.0,22500.0,1,22400.0,1.0,22300.0,1.0,22200.0,0.32,22000.0,1.0,21900.0,0.13,21800.0,0.07,22900.0,1.0,23000.0,1.0,23100.0,1.0,23200.0,1.0,23300.0,1.0,23400.0,1.0,23500.0,1.0,23600.0,1.0,23700.0,1.0,23800.0,1.0
000629.SZ,2020-08-11,09:34:27,22900.0,0.0,0.0,22800.0,1.0,22700.0,1.0,22600.0,1.0,22500.0,1,22400.0,1.0,22300.0,1.0,22200.0,0.32,22000.0,1.0,21900.0,0.13,21800.0,0.07,22900.0,1.0,23000.0,1.0,23100.0,1.0,23200.0,1.0,23300.0,1.0,23400.0,1.0,23500.0,1.0,23600.0,1.0,23700.0,1.0,23800.0,1.0
000629.SZ,2020-08-11,09:34:28,22900.0,0.0,0.0,22800.0,1.0,22700.0,1.0,22600.0,1.0,22500.0,1,22400.0,1.0,22300.0,1.0,22200.0,0.32,22000.0,1.0,21900.0,0.13,21800.0,0.07,22900.0,1.0,23000.0,1.0,23100.0,1.0,23200.0,1.0,23300.0,1.0,23400.0,1.0,23500.0,1.0,23600.0,1.0,23700.0,1.0,23800.0,1.0
000629.SZ,2020-08-11,09:34:29,22900.0,20000.0,458000000.0,22800.0,1.0,22700.0,1.0,22600.0,1.0,22500.0,1,22400.0,1.0,22300.0,1.0,22200.0,0.32,22000.0,1.0,21900.0,0.13,21800.0,0.07,22900.0,1.0,23000.0,1.0,23100.0,1.0,23200.0,1.0,23300.0,1.0,23400.0,1.0,23500.0,1.0,23600.0,1.0,23700.0,1.0,23800.0,1.0
000629.SZ,2020-08-11,09:34:30,22900.0,2000.0,45800000.0,22800.0,1.0,22700.0,1.0,22600.0,1.0,22500.0,1,22400.0,1.0,22300.0,1.0,22200.0,0.32,22000.0,1.0,21900.0,0.13,21800.0,0.07,22900.0,1.0,23000.0,1.0,23100.0,1.0,23200.0,1.0,23300.0,1.0,23400.0,1.0,23500.0,1.0,23600.0,1.0,23700.0,1.0,23800.0,1.0
000629.SZ,2020-08-11,09:34:31,22900.0,900.0,20599200.0,22800.0,1.0,22700.0,1.0,22600.0,1.0,22500.0,1,22400.0,1.0,22300.0,1.0,22200.0,0.32,22000.0,1.0,21900.0,0.13,21800.0,0.07,22900.0,1.0,23000.0,1.0,23100.0,1.0,23200.0,1.0,23300.0,1.0,23400.0,1.0,23500.0,1.0,23600.0,1.0,23700.0,1.0,23800.0,1.0
000629.SZ,2020-08-11,09:34:32,22900.0,0.0,0.0,22800.0,1.0,22700.0,1.0,22600.0,1.0,22500.0,1,22400.0,1.0,22300.0,1.0,22200.0,0.32,22000.0,1.0,21900.0,0.13,21800.0,0.07,22900.0,1.0,23000.0,1.0,23100.0,1.0,23200.0,1.0,23300.0,1.0,23400.0,1.0,23500.0,1.0,23600.0,1.0,23700.0,1.0,23800.0,1.0
000629.SZ,2020-08-11,09:34:33,22900.0,2200.0,50380000.0,22800.0,1.0,22700.0,1.0,22600.0,1.0,22500.0,1,22400.0,1.0,22300.0,1.0,22200.0,0.32,22000.0,1.0,21900.0,0.13,21800.0,0.07,22900.0,1.0,23000.0,1.0,23100.0,1.0,23200.0,1.0,23300.0,1.0,23400.0,1.0,23500.0,1.0,23600.0,1.0,23700.0,1.0,23800.0,1.0
000629.SZ,2020-08-11,09:34:34,22900.0,0.0,0.0,22800.0,1.0,22700.0,1.0,22600.0,1.0,22500.0,1,22400.0,1.0,22300.0,1.0,22200.0,0.32,22000.0,1.0,21900.0,0.13,21800.0,0.07,22900.0,1.0,23000.0,1.0,23100.0,1.0,23200.0,1.0,23300.0,1.0,23400.0,1.0,23500.0,1.0,23600.0,1.0,23700.0,1.0,23800.0,1.0
000629.SZ,2020-08-11,09:34:35,22900.0,200.0,4580000.0,22800.0,1.0,22700.0,1.0,22600.0,1.0,22500.0,1,22400.0,1.0,22300.0,1.0,22200.0,0.32,22000.0,1.0,21900.0,0.13,21800.0,0.07,22900.0,1.0,23000.0,1.0,23100.0,1.0,23200.0,1.0,23300.0,1.0,23400.0,1.0,23500.0,1.0,23600.0,1.0,23700.0,1.0,23800.0,1.0
000629.SZ,2020-08-11,09:34:36,22900.0,0.0,0.0,22800.0,1.0,22700.0,1.0,22600.0,1.0,22500.0,1,22400.0,1.0,22300.0,1.0,22200.0,0.32,22000.0,1.0,21900.0,0.13,21800.0,0.07,22900.0,1.0,23000.0,1.0,23100.0,1.0,23200.0,1.0,23300.0,1.0,23400.0,1.0,23500.0,1.0,23600.0,1.0,23700.0,1.0,23800.0,1.0
000629.SZ,2020-08-11,09:34:37,22900.0,0.0,0.0,22800.0,1.0,22700.0,1.0,22600.0,1.0,22500.0,1,22400.0,1.0,22300.0,1.0,22200.0,0.32,22000.0,1.0,21900.0,0.13,21800.0,0.07,22900.0,1.0,23000.0,1.0,23100.0,1.0,23200.0,1.0,23300.0,1.0,23400.0,1.0,23500.0,1.0,23600.0,1.0,23700.0,1.0,23800.0,1.0
000629.SZ,2020-08-11,09:34:38,22900.0,15800.0,360382200.0,22800.0,1.0,22700.0,1.0,22600.0,1.0,22500.0,1,22400.0,1.0,22300.0,1.0,22200.0,0.32,22000.0,1.0,21900.0,0.13,21800.0,0.07,22900.0,1.0,23000.0,1.0,23100.0,1.0,23200.0,1.0,23300.0,1.0,23400.0,1.0,23500.0,1.0,23600.0,1.0,23700.0,1.0,23800.0,1.0
000629.SZ,2020-08-11,09:34:39,22900.0,0.0,0.0,22800.0,1.0,22700.0,1.0,22600.0,1.0,22500.0,1,22400.0,1.0,22300.0,1.0,22200.0,0.32,22000.0,1.0,21900.0,0.13,21800.0,0.07,22900.0,1.0,23000.0,1.0,23100.0,1.0,23200.0,1.0,23300.0,1.0,23400.0,1.0,23500.0,1.0,23600.0,1.0,23700.0,1.0,23800.0,1.0
000629.SZ,2020-08-11,09:34:40,22900.0,0.0,0.0,22800.0,1.0,22700.0,1.0,22600.0,1.0,22500.0,1,22400.0,1.0,22300.0,1.0,22200.0,0.32,22000.0,1.0,21900.0,0.13,21800.0,0.07,22900.0,1.0,23000.0,1.0,23100.0,1.0,23200.0,1.0,23300.0,1.0,23400.0,1.0,23500.0,1.0,23600.0,1.0,23700.0,1.0,23800.0,1.0
000629.SZ,2020-08-11,09:34:41,22900.0,0.0,0.0,22800.0,1.0,22700.0,1.0,22600.0,1.0,22500.0,1,22400.0,1.0,22300.0,1.0,22200.0,0.43,22000.0,1.0,21900.0,0.13,21800.0,0.07,22900.0,1.0,23000.0,1.0,23100.0,1.0,23200.0,1.0,23300.0,1.0,23400.0,1.0,23500.0,1.0,23600.0,1.0,23700.0,1.0,23800.0,1.0
000629.SZ,2020-08-11,09:34:42,22900.0,2600.0,59540000.0,22800.0,1.0,22700.0,1.0,22600.0,1.0,22500.0,1,22400.0,1.0,22300.0,1.0,22200.0,0.43,22000.0,1.0,21900.0,0.13,21800.0,0.07,22900.0,1.0,23000.0,1.0,23100.0,1.0,23200.0,1.0,23300.0,1.0,23400.0,1.0,23500.0,1.0,23600.0,1.0,23700.0,1.0,23800.0,1.0
000629.SZ,2020-08-11,09:34:43,22900.0,20000.0,458000000.0,22800.0,1.0,22700.0,1.0,22600.0,1.0,22500.0,1,22400.0,1.0,22300.0,1.0,22200.0,0.43,22000.0,1.0,21900.0,0.13,21800.0,0.07,22900.0,1.0,23000.0,1.0,23100.0,1.0,23200.0,1.0,23300.0,1.0,23400.0,1.0,23500.0,1.0,23600.0,1.0,23700.0,1.0,23800.0,1.0
000629.SZ,2020-08-11,09:34:44,22900.0,0.0,0.0,22800.0,1.0,22700.0,1.0,22600.0,1.0,22500.0,1,22400.0,1.0,22300.0,1.0,22200.0,0.43,22000.0,1.0,21900.0,0.13,21800.0,0.07,22900.0,1.0,23000.0,1.0,23100.0,1.0,23200.0,1.0,23300.0,1.0,23400.0,1.0,23500.0,1.0,23600.0,1.0,23700.0,1.0,23800.0,1.0
000629.SZ,2020-08-11,09:34:45,22900.0,4100.0,93890000.0,22800.0,1.0,22700.0,1.0,22600.0,1.0,22500.0,1,22400.0,1.0,22300.0,1.0,22200.0,0.43,22000.0,1.0,21900.0,0.13,21800.0,0.07,22900.0,1.0,23000.0,1.0,23100.0,1.0,23200.0,1.0,23300.0,1.0,23400.0,1.0,23500.0,1.0,23600.0,1.0,23700.0,1.0,23800.0,1.0
000629.SZ,2020-08-11,09:34:46,22900.0,0.0,0.0,22800.0,1.0,22700.0,1.0,22600.0,1.0,22500.0,1,22400.0,1.0,22300.0,1.0,22200.0,0.43,22000.0,1.0,21900.0,0.13,21800.0,0.07,22900.0,1.0,23000.0,1.0,23100.0,1.0,23200.0,1.0,23300.0,1.0,23400.0,1.0,23500.0,1.0,23600.0,1.0,23700.0,1.0,23800.0,1.0
000629.SZ,2020-08-11,09:34:47,22900.0,0.0,0.0,22800.0,1.0,22700.0,1.0,22600.0,1.0,22500.0,1,22400.0,1.0,22300.0,1.0,22200.0,0.43,22000.0,1.0,21900.0,0.13,21800.0,0.07,22900.0,1.0,23000.0,1.0,23100.0,1.0,23200.0,1.0,23300.0,1.0,23400.0,1.0,23500.0,1.0,23600.0,1.0,23700.0,1.0,23800.0,1.0
000629.SZ,2020-08-11,09:34:48,22900.0,2400.0,54960000.0,22800.0,1.0,22700.0,1.0,22600.0,1.0,22500.0,1,22400.0,1.0,22300.0,1.0,22200.0,0.43,22000.0,1.0,21900.0,0.13,21800.0,0.07,22900.0,1.0,23000.0,1.0,23100.0,1.0,23200.0,1.0,23300.0,1.0,23400.0,1.0,23500.0,1.0,23600.0,1.0,23700.0,1.0,23800.0,1.0
000629.SZ,2020-08-11,09:34:49,22900.0,0.0,0.0,22800.0,1.0,22700.0,1.0,22600.0,1.0,22500.0,1,22400.0,1.0,22300.0,1.0,22200.0,0.43,22000.0,1.0,21900.0,0.13,21800.0,0.07,22900.0,1.0,23000.0,1.0,23100.0,1.0,23200.0,1.0,23300.0,1.0,23400.0,1.0,23500.0,1.0,23600.0,1.0,23700.0,1.0,23800.0,1.0
000629.SZ,2020-08-11,09:34:50,22900.0,0.0,0.0,22800.0,1.0,22700.0,1.0,22600.0,1.0,22500.0,1,22400.0,1.0,22300.0,1.0,22200.0,0.43,22000.0,1.0,21900.0,0.13,21800.0,0.07,22900.0,1.0,23000.0,1.0,23100.0,1.0,23200.0,1.0,23300.0,1.0,23400.0,1.0,23500.0,1.0,23600.0,1.0,23700.0,1.0,23800.0,1.0
000629.SZ,2020-08-11,09:34:51,22900.0,100.0,2280000.0,22800.0,1.0,22700.0,1.0,22600.0,1.0,22500.0,1,22400.0,1.0,22300.0,1.0,22200.0,0.43,22000.0,1.0,21900.0,0.13,21800.0,0.07,22900.0,1.0,23000.0,1.0,23100.0,1.0,23200.0,1.0,23300.0,1.0,23400.0,1.0,23500.0,1.0,23600.0,1.0,23700.0,1.0,23800.0,1.0
000629.SZ,2020-08-11,09:34:52,22800.0,0.0,0.0,22800.0,1.0,22700.0,1.0,22600.0,1.0,22500.0,1,22400.0,1.0,22300.0,1.0,22200.0,0.43,22000.0,1.0,21900.0,0.13,21800.0,0.07,22900.0,1.0,23000.0,1.0,23100.0,1.0,23200.0,1.0,23300.0,1.0,23400.0,1.0,23500.0,1.0,23600.0,1.0,23700.0,1.0,23800.0,1.0
000629.SZ,2020-08-11,09:34:53,22800.0,0.0,0.0,22800.0,1.0,22700.0,1.0,22600.0,1.0,22500.0,1,22400.0,1.0,22300.0,1.0,22200.0,0.43,22000.0,1.0,21900.0,0.13,21800.0,0.07,22900.0,1.0,23000.0,1.0,23100.0,1.0,23200.0,1.0,23300.0,1.0,23400.0,1.0,23500.0,1.0,23600.0,1.0,23700.0,1.0,23800.0,1.0
000629.SZ,2020-08-11,09:34:54,22800.0,102300.0,2342567700.0,22800.0,1.0,22700.0,1.0,22600.0,1.0,22500.0,1,22400.0,1.0,22300.0,1.0,22200.0,0.43,22000.0,1.0,21900.0,0.13,21800.0,0.07,22900.0,1.0,23000.0,1.0,23100.0,1.0,23200.0,1.0,23300.0,1.0,23400.0,1.0,23500.0,1.0,23600.0,1.0,23700.0,1.0,23800.0,1.0
000629.SZ,2020-08-11,09:34:55,22800.0,50000.0,1144950000.0,22800.0,1.0,22700.0,1.0,22600.0,1.0,22500.0,1,22400.0,1.0,22300.0,1.0,22200.0,0.43,22000.0,1.0,21900.0,0.13,21800.0,0.07,22900.0,0.91,23000.0,1.0,23100.0,1.0,23200.0,1.0,23300.0,1.0,23400.0,1.0,23500.0,1.0,23600.0,1.0,23700.0,1.0,23800.0,1.0
000629.SZ,2020-08-11,09:34:56,22900.0,31200.0,714417600.0,22800.0,1.0,22700.0,1.0,22600.0,1.0,22500.0,1,22400.0,1.0,22300.0,1.0,22200.0,0.43,22000.0,1.0,21900.0,0.13,21800.0,0.07,22900.0,0.58,23000.0,1.0,23100.0,1.0,23200.0,1.0,23300.0,1.0,23400.0,1.0,23500.0,1.0,23600.0,1.0,23700.0,1.0,23800.0,1.0
000629.SZ,2020-08-11,09:34:57,22900.0,19000.0,435100000.0,22800.0,1.0,22700.0,1.0,22600.0,1.0,22500.0,1,22400.0,1.0,22300.0,1.0,22200.0,0.43,22000.0,1.0,21900.0,0.13,21800.0,0.07,22900.0,0.38,23000.0,1.0,23100.0,1.0,23200.0,1.0,23300.0,1.0,23400.0,1.0,23500.0,1.0,23600.0,1.0,23700.0,1.0,23800.0,1.0
000629.SZ,2020-08-11,09:34:58,22900.0,16700.0,382396600.0,22800.0,1.0,22700.0,1.0,22600.0,1.0,22500.0,1,22400.0,1.0,22300.0,1.0,22200.0,0.43,22000.0,1.0,21900.0,0.13,21800.0,0.07,22900.0,0.62,23000.0,1.0,23100.0,1.0,23200.0,1.0,23300.0,1.0,23400.0,1.0,23500.0,1.0,23600.0,1.0,23700.0,1.0,23800.0,1.0
000629.SZ,2020-08-11,09:34:59,22900.0,32600.0,746442200.0,22800.0,1.0,22700.0,1.0,22600.0,1.0,22500.0,1,22400.0,1.0,22300.0,1.0,22200.0,0.43,22000.0,1.0,21900.0,0.13,21800.0,0.07,22900.0,0.32,23000.0,1.0,23100.0,1.0,23200.0,1.0,23300.0,1.0,23400.0,1.0,23500.0,1.0,23600.0,1.0,23700.0,1.0,23800.0,1.0
000629.SZ,2020-08-11,09:35:00,22900.0,16400.0,375560000.0,22800.0,1.0,22700.0,1.0,22600.0,1.0,22500.0,1,22400.0,1.0,22300.0,1.0,22200.0,0.43,22000.0,1.0,21900.0,0.13,21800.0,0.07,22900.0,0.15,23000.0,1.0,23100.0,1.0,23200.0,1.0,23300.0,1.0,23400.0,1.0,23500.0,1.0,23600.0,1.0,23700.0,1.0,23800.0,1.0
000629.SZ,2020-08-11,09:35:01,22900.0,6800.0,155720000.0,22800.0,1.0,22700.0,1.0,22600.0,1.0,22500.0,1,22400.0,1.0,22300.0,1.0,22200.0,0.43,22000.0,1.0,21900.0,0.13,21800.0,0.07,22900.0,0.07,23000.0,1.0,23100.0,1.0,23200.0,1.0,23300.0,1.0,23400.0,1.0,23500.0,1.0,23600.0,1.0,23700.0,1.0,23800.0,1.0
000629.SZ,2020-08-11,09:35:02,22900.0,3400.0,77860000.0,22800.0,1.0,22700.0,1.0,22600.0,1.0,22500.0,1,22400.0,1.0,22300.0,1.0,22200.0,0.43,22000.0,1.0,21900.0,0.13,21800.0,0.07,22900.0,0.04,23000.0,1.0,23100.0,1.0,23200.0,1.0,23300.0,1.0,23400.0,1.0,23500.0,1.0,23600.0,1.0,23700.0,1.0,23800.0,1.0
000629.SZ,2020-08-11,09:35:03,22900.0,5300.0,121370000.0,22800.0,1.0,22700.0,1.0,22600.0,1.0,22500.0,1,22400.0,1.0,22300.0,1.0,22200.0,0.43,22000.0,1.0,21900.0,0.13,21800.0,0.07,22900.0,0.05,23000.0,1.0,23100.0,1.0,23200.0,1.0,23300.0,1.0,23400.0,1.0,23500.0,1.0,23600.0,1.0,23700.0,1.0,23800.0,1.0
000629.SZ,2020-08-11,09:35:04,22900.0,1700.0,38930000.0,22800.0,1.0,22700.0,1.0,22600.0,1.0,22500.0,1,22400.0,1.0,22300.0,1.0,22200.0,0.43,22000.0,1.0,21900.0,0.13,21800.0,0.07,22900.0,0.04,23000.0,1.0,23100.0,1.0,23200.0,1.0,23300.0,1.0,23400.0,1.0,23500.0,1.0,23600.0,1.0,23700.0,1.0,23800.0,1.0
000629.SZ,2020-08-11,09:35:05,22900.0,9000.0,206100000.0,22800.0,1.0,22700.0,1.0,22600.0,1.0,22500.0,1,22400.0,1.0,22300.0,1.0,22200.0,0.43,22000.0,1.0,21900.0,0.13,21800.0,0.07,22900.0,0.21,23000.0,1.0,23100.0,1.0,23200.0,1.0,23300.0,1.0,23400.0,1.0,23500.0,1.0,23600.0,1.0,23700.0,1.0,23800.0,1.0
000629.SZ,2020-08-11,09:35:06,22900.0,5800.0,132820000.0,22800.0,1.0,22700.0,1.0,22600.0,1.0,22500.0,1,22400.0,1.0,22300.0,1.0,22200.0,0.43,22000.0,1.0,21900.0,0.13,21800.0,0.07,22900.0,0.14,23000.0,1.0,23100.0,1.0,23200.0,1.0,23300.0,1.0,23400.0,1.0,23500.0,1.0,23600.0,1.0,23700.0,1.0,23800.0,1.0
000629.SZ,2020-08-11,09:35:07,22900.0,49300.0,1124434400.0,22800.0,1.0,22700.0,1.0,22600.0,1.0,22500.0,1,22400.0,1.0,22300.0,1.0,22200.0,0.43,22000.0,1.0,21900.0,0.13,21800.0,0.07,22900.0,0.24,23000.0,1.0,23100.0,1.0,23200.0,1.0,23300.0,1.0,23400.0,1.0,23500.0,1.0,23600.0,1.0,23700.0,1.0,23800.0,1.0
000629.SZ,2020-08-11,09:35:08,22800.0,3800.0,87020000.0,22800.0,1.0,22700.0,1.0,22600.0,1.0,22500.0,1,22400.0,1.0,22300.0,1.0,22200.0,0.43,22000.0,1.0,21900.0,0.13,21800.0,0.07,22900.0,0.2,23000.0,1.0,23100.0,1.0,23200.0,1.0,23300.0,1.0,23400.0,1.0,23500.0,1.0,23600.0,1.0,23700.0,1.0,23800.0,1.0
000629.SZ,2020-08-11,09:35:09,22900.0,15800.0,361962200.0,22800.0,1.0,22700.0,1.0,22600.0,1.0,22500.0,1,22400.0,1.0,22300.0,1.0,22200.0,0.43,22000.0,1.0,21900.0,0.13,21800.0,0.07,22900.0,0.23,23000.0,1.0,23100.0,1.0,23200.0,1.0,23300.0,1.0,23400.0,1.0,23500.0,1.0,23600.0,1.0,23700.0,1.0,23800.0,1.0
000629.SZ,2020-08-11,09:35:10,22900.0,12700.0,290639500.0,22800.0,1.0,22700.0,1.0,22600.0,1.0,22500.0,1,22400.0,1.0,22300.0,1.0,22200.0,0.43,22000.0,1.0,21900.0,0.13,21800.0,0.07,22900.0,0.11,23000.0,1.0,23100.0,1.0,23200.0,1.0,23300.0,1.0,23400.0,1.0,23500.0,1.0,23600.0,1.0,23700.0,1.0,23800.0,1.0
000629.SZ,2020-08-11,09:35:11,22800.0,100.0,2300000.0,22900.0,0.2,22800.0,1.0,22700.0,1.0,22600.0,1,22500.0,1.0,22400.0,1.0,22300.0,1.0,22200.0,0.43,22000.0,1.0,21900.0,0.13,23000.0,1.0,23100.0,1.0,23200.0,1.0,23300.0,1.0,23400.0,1.0,23500.0,1.0,23600.0,1.0,23700.0,1.0,23800.0,1.0,23900.0,1.0
000629.SZ,2020-08-11,09:35:12,23000.0,31300.0,716770000.0,22800.0,1.0,22700.0,1.0,22600.0,1.0,22500.0,1,22400.0,1.0,22300.0,1.0,22200.0,0.43,22000.0,1.0,21900.0,0.13,21800.0,0.07,22900.0,0.14,23000.0,1.0,23100.0,1.0,23200.0,1.0,23300.0,1.0,23400.0,1.0,23500.0,1.0,23600.0,1.0,23700.0,1.0,23800.0,1.0
000629.SZ,2020-08-11,09:35:13,22900.0,77000.0,1763300000.0,22900.0,0.15,22800.0,1.0,22700.0,1.0,22600.0,1,22500.0,1.0,22400.0,1.0,22300.0,1.0,22200.0,0.43,22000.0,1.0,21900.0,0.13,23000.0,1.0,23100.0,1.0,23200.0,1.0,23300.0,1.0,23400.0,1.0,23500.0,1.0,23600.0,1.0,23700.0,1.0,23800.0,1.0,23900.0,1.0
000629.SZ,2020-08-11,09:35:14,22900.0,14500.0,332050000.0,22800.0,1.0,22700.0,1.0,22600.0,1.0,22500.0,1,22400.0,1.0,22300.0,1.0,22200.0,0.43,22000.0,1.0,21900.0,0.13,21800.0,0.07,22900.0,0.31,23000.0,1.0,23100.0,1.0,23200.0,1.0,23300.0,1.0,23400.0,1.0,23500.0,1.0,23600.0,1.0,23700.0,1.0,23800.0,1.0
000629.SZ,2020-08-11,09:35:15,22900.0,60900.0,1394610000.0,22800.0,1.0,22700.0,1.0,22600.0,1.0,22500.0,1,22400.0,1.0,22300.0,1.0,22200.0,0.43,22000.0,1.0,21900.0,0.13,21800.0,0.07,22900.0,1.0,23000.0,1.0,23100.0,1.0,23200.0,1.0,23300.0,1.0,23400.0,1.0,23500.0,1.0,23600.0,1.0,23700.0,1.0,23800.0,1.0
000629.SZ,2020-08-11,09:35:16,22900.0,3000.0,68700000.0,22800.0,1.0,22700.0,1.0,22600.0,1.0,22500.0,1,22400.0,1.0,22300.0,1.0,22200.0,0.43,22000.0,1.0,21900.0,0.13,21800.0,0.07,22900.0,1.0,23000.0,1.0,23100.0,1.0,23200.0,1.0,23300.0,1.0,23400.0,1.0,23500.0,1.0,23600.0,1.0,23700.0,1.0,23800.0,1.0
000629.SZ,2020-08-11,09:35:17,22900.0,0.0,0.0,22800.0,1.0,22700.0,1.0,22600.0,1.0,22500.0,1,22400.0,1.0,22300.0,1.0,22200.0,0.43,22000.0,1.0,21900.0,0.13,21800.0,0.07,22900.0,1.0,23000.0,1.0,23100.0,1.0,23200.0,1.0,23300.0,1.0,23400.0,1.0,23500.0,1.0,23600.0,1.0,23700.0,1.0,23800.0,1.0
000629.SZ,2020-08-11,09:35:18,22900.0,0.0,0.0,22800.0,1.0,22700.0,1.0,22600.0,1.0,22500.0,1,22400.0,1.0,22300.0,1.0,22200.0,0.43,22000.0,1.0,21900.0,0.13,21800.0,0.07,22900.0,1.0,23000.0,1.0,23100.0,1.0,23200.0,1.0,23300.0,1.0,23400.0,1.0,23500.0,1.0,23600.0,1.0,23700.0,1.0,23800.0,1.0
000629.SZ,2020-08-11,09:35:19,22900.0,0.0,0.0,22800.0,1.0,22700.0,1.0,22600.0,1.0,22500.0,1,22400.0,1.0,22300.0,1.0,22200.0,0.43,22000.0,1.0,21900.0,0.13,21800.0,0.07,22900.0,1.0,23000.0,1.0,23100.0,1.0,23200.0,1.0,23300.0,1.0,23400.0,1.0,23500.0,1.0,23600.0,1.0,23700.0,1.0,23800.0,1.0
000629.SZ,2020-08-11,09:35:20,22900.0,0.0,0.0,22800.0,1.0,22700.0,1.0,22600.0,1.0,22500.0,1,22400.0,1.0,22300.0,1.0,22200.0,0.43,22000.0,1.0,21900.0,0.13,21800.0,0.07,22900.0,1.0,23000.0,1.0,23100.0,1.0,23200.0,1.0,23300.0,1.0,23400.0,1.0,23500.0,1.0,23600.0,1.0,23700.0,1.0,23800.0,1.0
000629.SZ,2020-08-11,09:35:21,22900.0,0.0,0.0,22800.0,1.0,22700.0,1.0,22600.0,1.0,22500.0,1,22400.0,1.0,22300.0,1.0,22200.0,0.43,22000.0,1.0,21900.0,0.13,21800.0,0.07,22900.0,1.0,23000.0,1.0,23100.0,1.0,23200.0,1.0,23300.0,1.0,23400.0,1.0,23500.0,1.0,23600.0,1.0,23700.0,1.0,23800.0,1.0
000629.SZ,2020-08-11,09:35:22,22900.0,0.0,0.0,22800.0,1.0,22700.0,1.0,22600.0,1.0,22500.0,1,22400.0,1.0,22300.0,1.0,22200.0,0.43,22000.0,1.0,21900.0,0.13,21800.0,0.07,22900.0,1.0,23000.0,1.0,23100.0,1.0,23200.0,1.0,23300.0,1.0,23400.0,1.0,23500.0,1.0,23600.0,1.0,23700.0,1.0,23800.0,1.0
000629.SZ,2020-08-11,09:35:23,22900.0,0.0,0.0,22800.0,1.0,22700.0,1.0,22600.0,1.0,22500.0,1,22400.0,1.0,22300.0,1.0,22200.0,0.43,22000.0,1.0,21900.0,0.13,21800.0,0.07,22900.0,1.0,23000.0,1.0,23100.0,1.0,23200.0,1.0,23300.0,1.0,23400.0,1.0,23500.0,1.0,23600.0,1.0,23700.0,1.0,23800.0,1.0
000629.SZ,2020-08-11,09:35:24,22900.0,0.0,0.0,22800.0,1.0,22700.0,1.0,22600.0,1.0,22500.0,1,22400.0,1.0,22300.0,1.0,22200.0,0.43,22000.0,1.0,21900.0,0.13,21800.0,0.07,22900.0,1.0,23000.0,1.0,23100.0,1.0,23200.0,1.0,23300.0,1.0,23400.0,1.0,23500.0,1.0,23600.0,1.0,23700.0,1.0,23800.0,1.0
000629.SZ,2020-08-11,09:35:25,22900.0,0.0,0.0,22800.0,1.0,22700.0,1.0,22600.0,1.0,22500.0,1,22400.0,1.0,22300.0,1.0,22200.0,0.43,22000.0,1.0,21900.0,0.13,21800.0,0.07,22900.0,1.0,23000.0,1.0,23100.0,1.0,23200.0,1.0,23300.0,1.0,23400.0,1.0,23500.0,1.0,23600.0,1.0,23700.0,1.0,23800.0,1.0
000629.SZ,2020-08-11,09:35:26,22900.0,0.0,0.0,22800.0,1.0,22700.0,1.0,22600.0,1.0,22500.0,1,22400.0,1.0,22300.0,1.0,22200.0,0.43,22000.0,1.0,21900.0,0.13,21800.0,0.07,22900.0,1.0,23000.0,1.0,23100.0,1.0,23200.0,1.0,23300.0,1.0,23400.0,1.0,23500.0,1.0,23600.0,1.0,23700.0,1.0,23800.0,1.0
000629.SZ,2020-08-11,09:35:27,22900.0,0.0,0.0,22800.0,1.0,22700.0,1.0,22600.0,1.0,22500.0,1,22400.0,1.0,22300.0,1.0,22200.0,0.43,22000.0,1.0,21900.0,0.13,21800.0,0.07,22900.0,1.0,23000.0,1.0,23100.0,1.0,23200.0,1.0,23300.0,1.0,23400.0,1.0,23500.0,1.0,23600.0,1.0,23700.0,1.0,23800.0,1.0
000629.SZ,2020-08-11,09:35:28,22900.0,0.0,0.0,22800.0,1.0,22700.0,1.0,22600.0,1.0,22500.0,1,22400.0,1.0,22300.0,1.0,22200.0,0.43,22000.0,1.0,21900.0,0.13,21800.0,0.07,22900.0,1.0,23000.0,1.0,23100.0,1.0,23200.0,1.0,23300.0,1.0,23400.0,1.0,23500.0,1.0,23600.0,1.0,23700.0,1.0,23800.0,1.0
000629.SZ,2020-08-11,09:35:29,22900.0,0.0,0.0,22800.0,1.0,22700.0,1.0,22600.0,1.0,22500.0,1,22400.0,1.0,22300.0,1.0,22200.0,0.43,22000.0,1.0,21900.0,0.13,21800.0,0.07,22900.0,1.0,23000.0,1.0,23100.0,1.0,23200.0,1.0,23300.0,1.0,23400.0,1.0,23500.0,1.0,23600.0,1.0,23700.0,1.0,23800.0,1.0
000629.SZ,2020-08-11,09:35:30,22900.0,0.0,0.0,22800.0,1.0,22700.0,1.0,22600.0,1.0,22500.0,1,22400.0,1.0,22300.0,1.0,22200.0,0.43,22000.0,1.0,21900.0,0.13,21800.0,0.07,22900.0,1.0,23000.0,1.0,23100.0,1.0,23200.0,1.0,23300.0,1.0,23400.0,1.0,23500.0,1.0,23600.0,1.0,23700.0,1.0,23800.0,1.0
000629.SZ,2020-08-11,09:35:31,22900.0,0.0,0.0,22800.0,1.0,22700.0,1.0,22600.0,1.0,22500.0,1,22400.0,1.0,22300.0,1.0,22200.0,0.43,22000.0,1.0,21900.0,0.13,21800.0,0.07,22900.0,1.0,23000.0,1.0,23100.0,1.0,23200.0,1.0,23300.0,1.0,23400.0,1.0,23500.0,1.0,23600.0,1.0,23700.0,1.0,23800.0,1.0
000629.SZ,2020-08-11,09:35:32,22900.0,0.0,0.0,22800.0,1.0,22700.0,1.0,22600.0,1.0,22500.0,1,22400.0,1.0,22300.0,1.0,22200.0,0.43,22000.0,1.0,21900.0,0.13,21800.0,0.07,22900.0,1.0,23000.0,1.0,23100.0,1.0,23200.0,1.0,23300.0,1.0,23400.0,1.0,23500.0,1.0,23600.0,1.0,23700.0,1.0,23800.0,1.0
000629.SZ,2020-08-11,09:35:33,22900.0,0.0,0.0,22800.0,1.0,22700.0,1.0,22600.0,1.0,22500.0,1,22400.0,1.0,22300.0,1.0,22200.0,0.43,22000.0,1.0,21900.0,0.13,21800.0,0.07,22900.0,1.0,23000.0,1.0,23100.0,1.0,23200.0,1.0,23300.0,1.0,23400.0,1.0,23500.0,1.0,23600.0,1.0,23700.0,1.0,23800.0,1.0
000629.SZ,2020-08-11,09:35:34,22900.0,0.0,0.0,22800.0,1.0,22700.0,1.0,22600.0,1.0,22500.0,1,22400.0,1.0,22300.0,1.0,22200.0,0.43,22000.0,1.0,21900.0,0.13,21800.0,0.07,22900.0,1.0,23000.0,1.0,23100.0,1.0,23200.0,1.0,23300.0,1.0,23400.0,1.0,23500.0,1.0,23600.0,1.0,23700.0,1.0,23800.0,1.0
000629.SZ,2020-08-11,09:35:35,22900.0,0.0,0.0,22800.0,1.0,22700.0,1.0,22600.0,1.0,22500.0,1,22400.0,1.0,22300.0,1.0,22200.0,0.43,22000.0,1.0,21900.0,0.13,21800.0,0.07,22900.0,1.0,23000.0,1.0,23100.0,1.0,23200.0,1.0,23300.0,1.0,23400.0,1.0,23500.0,1.0,23600.0,1.0,23700.0,1.0,23800.0,1.0
000629.SZ,2020-08-11,09:35:36,22900.0,0.0,0.0,22800.0,1.0,22700.0,1.0,22600.0,1.0,22500.0,1,22400.0,1.0,22300.0,1.0,22200.0,0.43,22000.0,1.0,21900.0,0.13,21800.0,0.07,22900.0,1.0,23000.0,1.0,23100.0,1.0,23200.0,1.0,23300.0,1.0,23400.0,1.0,23500.0,1.0,23600.0,1.0,23700.0,1.0,23800.0,1.0
000629.SZ,2020-08-11,09:35:37,22900.0,0.0,0.0,22800.0,1.0,22700.0,1.0,22600.0,1.0,22500.0,1,22400.0,1.0,22300.0,1.0,22200.0,0.43,22000.0,1.0,21900.0,0.13,21800.0,0.07,22900.0,1.0,23000.0,1.0,23100.0,1.0,23200.0,1.0,23300.0,1.0,23400.0,1.0,23500.0,1.0,23600.0,1.0,23700.0,1.0,23800.0,1.0
000629.SZ,2020-08-11,09:35:38,22900.0,0.0,0.0,22800.0,1.0,22700.0,1.0,22600.0,1.0,22500.0,1,22400.0,1.0,22300.0,1.0,22200.0,0.43,22000.0,1.0,21900.0,0.13,21800.0,0.07,22900.0,1.0,23000.0,1.0,23100.0,1.0,23200.0,1.0,23300.0,1.0,23400.0,1.0,23500.0,1.0,23600.0,1.0,23700.0,1.0,23800.0,1.0
