StockCode,DataDate,UpdateTime,LastPrice,Volume,turnover,BidPrice1,BidVolume1,BidPrice2,BidVolume2,BidPrice3,BidVolume3,BidPrice4,BidVolume4,BidPrice5,BidVolume5,BidPrice6,BidVolume6,BidPrice7,BidVolume7,BidPrice8,BidVolume8,BidPrice9,BidVolume9,BidPrice10,BidVolume10,AskPrice1,AskVolume1,AskPrice2,AskVolume2,AskPrice3,AskVolume3,AskPrice4,AskVolume4,AskPrice5,AskVolume5,AskPrice6,AskVolume6,AskPrice7,AskVolume7,AskPrice8,AskVolume8,AskPrice9,AskVolume9,AskPrice10,AskVolume10
000629.SZ,2020-08-04,09:30:01,22600.0,1.0,22597.0,22500.0,1.0,22400.0,1.0,22300.0,1.0,22200.0,1,22100.0,1.0,22000.0,1.0,21900.0,1.0,21800.0,1.0,21700.0,1.0,21600.0,0.98,22600.0,1.0,22700.0,1.0,22800.0,1.0,22900.0,1.0,23000.0,1.0,23100.0,1.0,23200.0,1.0,23300.0,1.0,23400.0,1.0,23500.0,1.0
000629.SZ,2020-08-04,09:30:02,22500.0,0.0,0.0,22500.0,1.0,22400.0,1.0,22300.0,1.0,22200.0,1,22100.0,1.0,22000.0,1.0,21900.0,1.0,21800.0,1.0,21700.0,1.0,21600.0,0.98,22600.0,1.0,22700.0,1.0,22800.0,1.0,22900.0,1.0,23000.0,1.0,23100.0,1.0,23200.0,1.0,23300.0,1.0,23400.0,1.0,23500.0,1.0
000629.SZ,2020-08-04,09:30:03,22500.0,0.4068027210884353,9185.198639455784,22500.0,1.0,22400.0,1.0,22300.0,1.0,22200.0,1,22100.0,1.0,22000.0,1.0,21900.0,1.0,21800.0,1.0,21700.0,1.0,21600.0,0.98,22600.0,1.0,22700.0,1.0,22800.0,1.0,22900.0,1.0,23000.0,1.0,23100.0,1.0,23200.0,1.0,23300.0,1.0,23400.0,1.0,23500.0,1.0
000629.SZ,2020-08-04,09:30:04,22600.0,0.0340136054421768,768.7074829931973,22500.0,1.0,22400.0,1.0,22300.0,1.0,22200.0,1,22100.0,1.0,22000.0,1.0,21900.0,1.0,21800.0,1.0,21700.0,1.0,21600.0,0.98,22600.0,1.0,22700.0,1.0,22800.0,1.0,22900.0,1.0,23000.0,1.0,23100.0,1.0,23200.0,1.0,23300.0,1.0,23400.0,1.0,23500.0,1.0
000629.SZ,2020-08-04,09:30:05,22600.0,0.2027210884353741,4563.0489795918365,22500.0,1.0,22400.0,1.0,22300.0,1.0,22200.0,1,22100.0,1.0,22000.0,1.0,21900.0,1.0,21800.0,1.0,21700.0,1.0,21600.0,0.98,22600.0,1.0,22700.0,1.0,22800.0,1.0,22900.0,1.0,23000.0,1.0,23100.0,1.0,23200.0,1.0,23300.0,1.0,23400.0,1.0,23500.0,1.0
000629.SZ,2020-08-04,09:30:06,22500.0,0.1632653061224489,3689.7959183673465,22500.0,1.0,22400.0,1.0,22300.0,1.0,22200.0,1,22100.0,1.0,22000.0,1.0,21900.0,1.0,21800.0,1.0,21700.0,1.0,21600.0,1.0,22600.0,1.0,22700.0,1.0,22800.0,1.0,22900.0,1.0,23000.0,1.0,23100.0,1.0,23200.0,1.0,23300.0,1.0,23400.0,1.0,23500.0,1.0
000629.SZ,2020-08-04,09:30:07,22600.0,0.182312925170068,4114.985034013605,22500.0,1.0,22400.0,1.0,22300.0,1.0,22200.0,1,22100.0,1.0,22000.0,1.0,21900.0,1.0,21800.0,1.0,21700.0,1.0,21600.0,1.0,22600.0,1.0,22700.0,1.0,22800.0,1.0,22900.0,1.0,23000.0,1.0,23100.0,1.0,23200.0,1.0,23300.0,1.0,23400.0,1.0,23500.0,1.0
000629.SZ,2020-08-04,09:30:08,22600.0,0.580952380952381,13110.35238095238,22500.0,1.0,22400.0,1.0,22300.0,1.0,22200.0,1,22100.0,1.0,22000.0,1.0,21900.0,1.0,21800.0,1.0,21700.0,1.0,21600.0,1.0,22600.0,1.0,22700.0,1.0,22800.0,1.0,22900.0,1.0,23000.0,1.0,23100.0,1.0,23200.0,1.0,23300.0,1.0,23400.0,1.0,23500.0,1.0
000629.SZ,2020-08-04,09:30:09,22500.0,0.0,0.0,22500.0,1.0,22400.0,1.0,22300.0,1.0,22200.0,1,22100.0,1.0,22000.0,1.0,21900.0,1.0,21800.0,1.0,21700.0,1.0,21600.0,1.0,22600.0,1.0,22700.0,1.0,22800.0,1.0,22900.0,1.0,23000.0,1.0,23100.0,1.0,23200.0,1.0,23300.0,1.0,23400.0,1.0,23500.0,1.0
000629.SZ,2020-08-04,09:30:10,22500.0,0.0,0.0,22500.0,1.0,22400.0,1.0,22300.0,1.0,22200.0,1,22100.0,1.0,22000.0,1.0,21900.0,1.0,21800.0,1.0,21700.0,1.0,21600.0,1.0,22600.0,1.0,22700.0,1.0,22800.0,1.0,22900.0,1.0,23000.0,1.0,23100.0,1.0,23200.0,1.0,23300.0,1.0,23400.0,1.0,23500.0,1.0
000629.SZ,2020-08-04,09:30:11,22500.0,0.2285714285714285,5153.828571428571,22500.0,1.0,22400.0,1.0,22300.0,1.0,22200.0,1,22100.0,1.0,22000.0,1.0,21900.0,1.0,21800.0,1.0,21700.0,1.0,21600.0,1.0,22600.0,1.0,22700.0,1.0,22800.0,1.0,22900.0,1.0,23000.0,1.0,23100.0,1.0,23200.0,1.0,23300.0,1.0,23400.0,1.0,23500.0,1.0
000629.SZ,2020-08-04,09:30:12,22600.0,0.0,0.0,22500.0,1.0,22400.0,1.0,22300.0,1.0,22200.0,1,22100.0,1.0,22000.0,1.0,21900.0,1.0,21800.0,1.0,21700.0,1.0,21600.0,1.0,22600.0,1.0,22700.0,1.0,22800.0,1.0,22900.0,1.0,23000.0,1.0,23100.0,1.0,23200.0,1.0,23300.0,1.0,23400.0,1.0,23500.0,1.0
000629.SZ,2020-08-04,09:30:13,22600.0,0.997278911564626,22445.756462585035,22500.0,1.0,22400.0,1.0,22300.0,1.0,22200.0,1,22100.0,1.0,22000.0,1.0,21900.0,1.0,21800.0,1.0,21700.0,1.0,21600.0,1.0,22600.0,1.0,22700.0,1.0,22800.0,1.0,22900.0,1.0,23000.0,1.0,23100.0,1.0,23200.0,1.0,23300.0,1.0,23400.0,1.0,23500.0,1.0
000629.SZ,2020-08-04,09:30:14,22500.0,0.1414965986394558,3183.673469387755,22500.0,1.0,22400.0,1.0,22300.0,1.0,22200.0,1,22100.0,1.0,22000.0,1.0,21900.0,1.0,21800.0,1.0,21700.0,1.0,21600.0,1.0,22600.0,1.0,22700.0,1.0,22800.0,1.0,22900.0,1.0,23000.0,1.0,23100.0,1.0,23200.0,1.0,23300.0,1.0,23400.0,1.0,23500.0,1.0
000629.SZ,2020-08-04,09:30:15,22500.0,0.0027210884353741,61.224489795918366,22500.0,1.0,22400.0,1.0,22300.0,1.0,22200.0,1,22100.0,1.0,22000.0,1.0,21900.0,1.0,21800.0,1.0,21700.0,1.0,21600.0,1.0,22600.0,1.0,22700.0,1.0,22800.0,1.0,22900.0,1.0,23000.0,1.0,23100.0,1.0,23200.0,1.0,23300.0,1.0,23400.0,1.0,23500.0,1.0
000629.SZ,2020-08-04,09:30:16,22500.0,0.1591836734693877,3597.551020408163,22500.0,1.0,22400.0,1.0,22300.0,1.0,22200.0,1,22100.0,1.0,22000.0,1.0,21900.0,1.0,21800.0,1.0,21700.0,1.0,21600.0,1.0,22600.0,1.0,22700.0,1.0,22800.0,1.0,22900.0,1.0,23000.0,1.0,23100.0,1.0,23200.0,1.0,23300.0,1.0,23400.0,1.0,23500.0,1.0
000629.SZ,2020-08-04,09:30:17,22600.0,0.0598639455782312,1346.938775510204,22500.0,1.0,22400.0,1.0,22300.0,1.0,22200.0,1,22100.0,1.0,22000.0,1.0,21900.0,1.0,21800.0,1.0,21700.0,1.0,21600.0,1.0,22600.0,1.0,22700.0,1.0,22800.0,1.0,22900.0,1.0,23000.0,1.0,23100.0,1.0,23200.0,1.0,23300.0,1.0,23400.0,1.0,23500.0,1.0
000629.SZ,2020-08-04,09:30:18,22500.0,0.0,0.0,22500.0,1.0,22400.0,1.0,22300.0,1.0,22200.0,1,22100.0,1.0,22000.0,1.0,21900.0,1.0,21800.0,1.0,21700.0,1.0,21600.0,1.0,22600.0,1.0,22700.0,1.0,22800.0,1.0,22900.0,1.0,23000.0,1.0,23100.0,1.0,23200.0,1.0,23300.0,1.0,23400.0,1.0,23500.0,1.0
000629.SZ,2020-08-04,09:30:19,22500.0,0.0421768707482993,948.9795918367346,22500.0,1.0,22400.0,1.0,22300.0,1.0,22200.0,1,22100.0,1.0,22000.0,1.0,21900.0,1.0,21800.0,1.0,21700.0,1.0,21600.0,1.0,22600.0,1.0,22700.0,1.0,22800.0,1.0,22900.0,1.0,23000.0,1.0,23100.0,1.0,23200.0,1.0,23300.0,1.0,23400.0,1.0,23500.0,1.0
000629.SZ,2020-08-04,09:30:20,22500.0,0.0666666666666666,1500.1333333333332,22500.0,1.0,22400.0,1.0,22300.0,1.0,22200.0,1,22100.0,1.0,22000.0,1.0,21900.0,1.0,21800.0,1.0,21700.0,1.0,21600.0,1.0,22600.0,1.0,22700.0,1.0,22800.0,1.0,22900.0,1.0,23000.0,1.0,23100.0,1.0,23200.0,1.0,23300.0,1.0,23400.0,1.0,23500.0,1.0
000629.SZ,2020-08-04,09:30:21,22600.0,0.0721088435374149,1623.7469387755102,22500.0,1.0,22400.0,1.0,22300.0,1.0,22200.0,1,22100.0,1.0,22000.0,1.0,21900.0,1.0,21800.0,1.0,21700.0,1.0,21600.0,1.0,22600.0,1.0,22700.0,1.0,22800.0,1.0,22900.0,1.0,23000.0,1.0,23100.0,1.0,23200.0,1.0,23300.0,1.0,23400.0,1.0,23500.0,1.0
000629.SZ,2020-08-04,09:30:22,22500.0,0.4231292517006803,9524.216326530612,22500.0,1.0,22400.0,1.0,22300.0,1.0,22200.0,1,22100.0,1.0,22000.0,1.0,21900.0,1.0,21800.0,1.0,21700.0,1.0,21600.0,1.0,22600.0,1.0,22700.0,1.0,22800.0,1.0,22900.0,1.0,23000.0,1.0,23100.0,1.0,23200.0,1.0,23300.0,1.0,23400.0,1.0,23500.0,1.0
000629.SZ,2020-08-04,09:30:23,22500.0,0.0,0.0,22500.0,1.0,22400.0,1.0,22300.0,1.0,22200.0,1,22100.0,1.0,22000.0,1.0,21900.0,1.0,21800.0,1.0,21700.0,1.0,21600.0,1.0,22600.0,1.0,22700.0,1.0,22800.0,1.0,22900.0,1.0,23000.0,1.0,23100.0,1.0,23200.0,1.0,23300.0,1.0,23400.0,1.0,23500.0,1.0
000629.SZ,2020-08-04,09:30:24,22500.0,0.110204081632653,2490.391836734694,22500.0,1.0,22400.0,1.0,22300.0,1.0,22200.0,1,22100.0,1.0,22000.0,1.0,21900.0,1.0,21800.0,1.0,21700.0,1.0,21600.0,1.0,22600.0,1.0,22700.0,1.0,22800.0,1.0,22900.0,1.0,23000.0,1.0,23100.0,1.0,23200.0,1.0,23300.0,1.0,23400.0,1.0,23500.0,1.0
000629.SZ,2020-08-04,09:30:25,22600.0,0.0040816326530612,92.24489795918367,22500.0,1.0,22400.0,1.0,22300.0,1.0,22200.0,1,22100.0,1.0,22000.0,1.0,21900.0,1.0,21800.0,1.0,21700.0,1.0,21600.0,1.0,22600.0,1.0,22700.0,1.0,22800.0,1.0,22900.0,1.0,23000.0,1.0,23100.0,1.0,23200.0,1.0,23300.0,1.0,23400.0,1.0,23500.0,1.0
000629.SZ,2020-08-04,09:30:26,22600.0,0.0,0.0,22500.0,1.0,22400.0,1.0,22300.0,1.0,22200.0,1,22100.0,1.0,22000.0,1.0,21900.0,1.0,21800.0,1.0,21700.0,1.0,21600.0,1.0,22600.0,1.0,22700.0,1.0,22800.0,1.0,22900.0,1.0,23000.0,1.0,23100.0,1.0,23200.0,1.0,23300.0,1.0,23400.0,1.0,23500.0,1.0
000629.SZ,2020-08-04,09:30:27,22600.0,0.0285714285714285,642.8571428571429,22500.0,1.0,22400.0,1.0,22300.0,1.0,22200.0,1,22100.0,1.0,22000.0,1.0,21900.0,1.0,21800.0,1.0,21700.0,1.0,21600.0,1.0,22600.0,1.0,22700.0,1.0,22800.0,1.0,22900.0,1.0,23000.0,1.0,23100.0,1.0,23200.0,1.0,23300.0,1.0,23400.0,1.0,23500.0,1.0
000629.SZ,2020-08-04,09:30:28,22500.0,1.0,22500.0,22500.0,1.0,22400.0,1.0,22300.0,1.0,22200.0,1,22100.0,1.0,22000.0,1.0,21900.0,1.0,21800.0,1.0,21700.0,1.0,21600.0,1.0,22600.0,1.0,22700.0,1.0,22800.0,1.0,22900.0,1.0,23000.0,1.0,23100.0,1.0,23200.0,1.0,23300.0,1.0,23400.0,1.0,23500.0,1.0
000629.SZ,2020-08-04,09:30:29,22500.0,0.0136054421768707,307.4829931972789,22500.0,1.0,22400.0,1.0,22300.0,1.0,22200.0,1,22100.0,1.0,22000.0,1.0,21900.0,1.0,21800.0,1.0,21700.0,1.0,21600.0,1.0,22600.0,1.0,22700.0,1.0,22800.0,1.0,22900.0,1.0,23000.0,1.0,23100.0,1.0,23200.0,1.0,23300.0,1.0,23400.0,1.0,23500.0,1.0
000629.SZ,2020-08-04,09:30:30,22600.0,0.0,0.0,22500.0,1.0,22400.0,1.0,22300.0,1.0,22200.0,1,22100.0,1.0,22000.0,1.0,21900.0,1.0,21800.0,1.0,21700.0,1.0,21600.0,1.0,22600.0,1.0,22700.0,1.0,22800.0,1.0,22900.0,1.0,23000.0,1.0,23100.0,1.0,23200.0,1.0,23300.0,1.0,23400.0,1.0,23500.0,1.0
000629.SZ,2020-08-04,09:30:31,22600.0,0.3619047619047619,8142.857142857142,22500.0,1.0,22400.0,1.0,22300.0,1.0,22200.0,1,22100.0,1.0,22000.0,1.0,21900.0,1.0,21800.0,1.0,21700.0,1.0,21600.0,1.0,22600.0,1.0,22700.0,1.0,22800.0,1.0,22900.0,1.0,23000.0,1.0,23100.0,1.0,23200.0,1.0,23300.0,1.0,23400.0,1.0,23500.0,1.0
000629.SZ,2020-08-04,09:30:32,22500.0,0.0653061224489796,1469.7795918367349,22500.0,1.0,22400.0,1.0,22300.0,1.0,22200.0,1,22100.0,1.0,22000.0,1.0,21900.0,1.0,21800.0,1.0,21700.0,1.0,21600.0,1.0,22600.0,1.0,22700.0,1.0,22800.0,1.0,22900.0,1.0,23000.0,1.0,23100.0,1.0,23200.0,1.0,23300.0,1.0,23400.0,1.0,23500.0,1.0
000629.SZ,2020-08-04,09:30:33,22600.0,0.0272108843537414,612.2448979591836,22500.0,1.0,22400.0,1.0,22300.0,1.0,22200.0,1,22100.0,1.0,22000.0,1.0,21900.0,1.0,21800.0,1.0,21700.0,1.0,21600.0,1.0,22600.0,1.0,22700.0,1.0,22800.0,1.0,22900.0,1.0,23000.0,1.0,23100.0,1.0,23200.0,1.0,23300.0,1.0,23400.0,1.0,23500.0,1.0
000629.SZ,2020-08-04,09:30:34,22500.0,1.0,22500.0,22400.0,1.0,22300.0,1.0,22200.0,1.0,22100.0,1,22000.0,1.0,21900.0,1.0,21800.0,1.0,21700.0,1.0,21600.0,1.0,21500.0,1.0,22500.0,1.0,22600.0,1.0,22700.0,1.0,22800.0,1.0,22900.0,1.0,23000.0,1.0,23100.0,1.0,23200.0,1.0,23300.0,1.0,23400.0,1.0
000629.SZ,2020-08-04,09:30:35,22500.0,0.0802721088435374,1806.122448979592,22400.0,1.0,22300.0,1.0,22200.0,1.0,22100.0,1,22000.0,1.0,21900.0,1.0,21800.0,1.0,21700.0,1.0,21600.0,1.0,21500.0,1.0,22500.0,1.0,22600.0,1.0,22700.0,1.0,22800.0,1.0,22900.0,1.0,23000.0,1.0,23100.0,1.0,23200.0,1.0,23300.0,1.0,23400.0,1.0
000629.SZ,2020-08-04,09:30:36,22500.0,0.0598639455782312,1340.952380952381,22400.0,1.0,22300.0,1.0,22200.0,1.0,22100.0,1,22000.0,1.0,21900.0,1.0,21800.0,1.0,21700.0,1.0,21600.0,1.0,21500.0,1.0,22500.0,1.0,22600.0,1.0,22700.0,1.0,22800.0,1.0,22900.0,1.0,23000.0,1.0,23100.0,1.0,23200.0,1.0,23300.0,1.0,23400.0,1.0
000629.SZ,2020-08-04,09:30:37,22400.0,0.1687074829931972,3795.9183673469374,22400.0,1.0,22300.0,1.0,22200.0,1.0,22100.0,1,22000.0,1.0,21900.0,1.0,21800.0,1.0,21700.0,1.0,21600.0,1.0,21500.0,1.0,22500.0,0.79,22600.0,1.0,22700.0,1.0,22800.0,1.0,22900.0,1.0,23000.0,1.0,23100.0,1.0,23200.0,1.0,23300.0,1.0,23400.0,1.0
000629.SZ,2020-08-04,09:30:38,22500.0,0.0027210884353741,61.224489795918366,22400.0,1.0,22300.0,1.0,22200.0,1.0,22100.0,1,22000.0,1.0,21900.0,1.0,21800.0,1.0,21700.0,1.0,21600.0,1.0,21500.0,1.0,22500.0,1.0,22600.0,1.0,22700.0,1.0,22800.0,1.0,22900.0,1.0,23000.0,1.0,23100.0,1.0,23200.0,1.0,23300.0,1.0,23400.0,1.0
000629.SZ,2020-08-04,09:30:39,22500.0,0.0,0.0,22400.0,1.0,22300.0,1.0,22200.0,1.0,22100.0,1,22000.0,1.0,21900.0,1.0,21800.0,1.0,21700.0,1.0,21600.0,1.0,21500.0,1.0,22500.0,1.0,22600.0,1.0,22700.0,1.0,22800.0,1.0,22900.0,1.0,23000.0,1.0,23100.0,1.0,23200.0,1.0,23300.0,1.0,23400.0,1.0
000629.SZ,2020-08-04,09:30:40,22500.0,0.0448979591836734,1010.204081632653,22400.0,1.0,22300.0,1.0,22200.0,1.0,22100.0,1,22000.0,1.0,21900.0,1.0,21800.0,1.0,21700.0,1.0,21600.0,1.0,21500.0,1.0,22500.0,1.0,22600.0,1.0,22700.0,1.0,22800.0,1.0,22900.0,1.0,23000.0,1.0,23100.0,1.0,23200.0,1.0,23300.0,1.0,23400.0,1.0
000629.SZ,2020-08-04,09:30:41,22500.0,0.0,0.0,22400.0,1.0,22300.0,1.0,22200.0,1.0,22100.0,1,22000.0,1.0,21900.0,1.0,21800.0,1.0,21700.0,1.0,21600.0,1.0,21500.0,1.0,22500.0,1.0,22600.0,1.0,22700.0,1.0,22800.0,1.0,22900.0,1.0,23000.0,1.0,23100.0,1.0,23200.0,1.0,23300.0,1.0,23400.0,1.0
000629.SZ,2020-08-04,09:30:42,22500.0,0.0040816326530612,91.42857142857144,22400.0,1.0,22300.0,1.0,22200.0,1.0,22100.0,1,22000.0,1.0,21900.0,1.0,21800.0,1.0,21700.0,1.0,21600.0,1.0,21500.0,1.0,22500.0,1.0,22600.0,1.0,22700.0,1.0,22800.0,1.0,22900.0,1.0,23000.0,1.0,23100.0,1.0,23200.0,1.0,23300.0,1.0,23400.0,1.0
000629.SZ,2020-08-04,09:30:43,22400.0,0.0,0.0,22400.0,1.0,22300.0,1.0,22200.0,1.0,22100.0,1,22000.0,1.0,21900.0,1.0,21800.0,1.0,21700.0,1.0,21600.0,1.0,21500.0,1.0,22500.0,1.0,22600.0,1.0,22700.0,1.0,22800.0,1.0,22900.0,1.0,23000.0,1.0,23100.0,1.0,23200.0,1.0,23300.0,1.0,23400.0,1.0
000629.SZ,2020-08-04,09:30:44,22400.0,0.0680272108843537,1530.6122448979593,22400.0,1.0,22300.0,1.0,22200.0,1.0,22100.0,1,22000.0,1.0,21900.0,1.0,21800.0,1.0,21700.0,1.0,21600.0,1.0,21500.0,1.0,22500.0,1.0,22600.0,1.0,22700.0,1.0,22800.0,1.0,22900.0,1.0,23000.0,1.0,23100.0,1.0,23200.0,1.0,23300.0,1.0,23400.0,1.0
000629.SZ,2020-08-04,09:30:45,22500.0,0.0068027210884353,153.0612244897959,22400.0,1.0,22300.0,1.0,22200.0,1.0,22100.0,1,22000.0,1.0,21900.0,1.0,21800.0,1.0,21700.0,1.0,21600.0,1.0,21500.0,1.0,22500.0,1.0,22600.0,1.0,22700.0,1.0,22800.0,1.0,22900.0,1.0,23000.0,1.0,23100.0,1.0,23200.0,1.0,23300.0,1.0,23400.0,1.0
000629.SZ,2020-08-04,09:30:46,22500.0,0.272108843537415,6122.448979591837,22400.0,1.0,22300.0,1.0,22200.0,1.0,22100.0,1,22000.0,1.0,21900.0,1.0,21800.0,1.0,21700.0,1.0,21600.0,1.0,21500.0,1.0,22500.0,1.0,22600.0,1.0,22700.0,1.0,22800.0,1.0,22900.0,1.0,23000.0,1.0,23100.0,1.0,23200.0,1.0,23300.0,1.0,23400.0,1.0
000629.SZ,2020-08-04,09:30:47,22500.0,0.0639455782312925,1438.7755102040817,22400.0,1.0,22300.0,1.0,22200.0,1.0,22100.0,1,22000.0,1.0,21900.0,1.0,21800.0,1.0,21700.0,1.0,21600.0,1.0,21500.0,1.0,22500.0,1.0,22600.0,1.0,22700.0,1.0,22800.0,1.0,22900.0,1.0,23000.0,1.0,23100.0,1.0,23200.0,1.0,23300.0,1.0,23400.0,1.0
000629.SZ,2020-08-04,09:30:48,22500.0,0.0,0.0,22400.0,1.0,22300.0,1.0,22200.0,1.0,22100.0,1,22000.0,1.0,21900.0,1.0,21800.0,1.0,21700.0,1.0,21600.0,1.0,21500.0,1.0,22500.0,1.0,22600.0,1.0,22700.0,1.0,22800.0,1.0,22900.0,1.0,23000.0,1.0,23100.0,1.0,23200.0,1.0,23300.0,1.0,23400.0,1.0
000629.SZ,2020-08-04,09:30:49,22500.0,0.1510204081632653,3397.9591836734694,22400.0,1.0,22300.0,1.0,22200.0,1.0,22100.0,1,22000.0,1.0,21900.0,1.0,21800.0,1.0,21700.0,1.0,21600.0,1.0,21500.0,1.0,22500.0,1.0,22600.0,1.0,22700.0,1.0,22800.0,1.0,22900.0,1.0,23000.0,1.0,23100.0,1.0,23200.0,1.0,23300.0,1.0,23400.0,1.0
000629.SZ,2020-08-04,09:30:50,22500.0,0.0653061224489796,1462.857142857143,22400.0,1.0,22300.0,1.0,22200.0,1.0,22100.0,1,22000.0,1.0,21900.0,1.0,21800.0,1.0,21700.0,1.0,21600.0,1.0,21500.0,1.0,22500.0,1.0,22600.0,1.0,22700.0,1.0,22800.0,1.0,22900.0,1.0,23000.0,1.0,23100.0,1.0,23200.0,1.0,23300.0,1.0,23400.0,1.0
000629.SZ,2020-08-04,09:30:51,22400.0,0.0136054421768707,306.1224489795918,22400.0,1.0,22300.0,1.0,22200.0,1.0,22100.0,1,22000.0,1.0,21900.0,1.0,21800.0,1.0,21700.0,1.0,21600.0,1.0,21500.0,1.0,22500.0,1.0,22600.0,1.0,22700.0,1.0,22800.0,1.0,22900.0,1.0,23000.0,1.0,23100.0,1.0,23200.0,1.0,23300.0,1.0,23400.0,1.0
000629.SZ,2020-08-04,09:30:52,22500.0,0.0,0.0,22400.0,1.0,22300.0,1.0,22200.0,1.0,22100.0,1,22000.0,1.0,21900.0,1.0,21800.0,1.0,21700.0,1.0,21600.0,1.0,21500.0,1.0,22500.0,1.0,22600.0,1.0,22700.0,1.0,22800.0,1.0,22900.0,1.0,23000.0,1.0,23100.0,1.0,23200.0,1.0,23300.0,1.0,23400.0,1.0
000629.SZ,2020-08-04,09:30:53,22500.0,0.0,0.0,22400.0,1.0,22300.0,1.0,22200.0,1.0,22100.0,1,22000.0,1.0,21900.0,1.0,21800.0,1.0,21700.0,1.0,21600.0,1.0,21500.0,1.0,22500.0,1.0,22600.0,1.0,22700.0,1.0,22800.0,1.0,22900.0,1.0,23000.0,1.0,23100.0,1.0,23200.0,1.0,23300.0,1.0,23400.0,1.0
000629.SZ,2020-08-04,09:30:54,22500.0,0.2993197278911564,6704.761904761905,22400.0,1.0,22300.0,1.0,22200.0,1.0,22100.0,1,22000.0,1.0,21900.0,1.0,21800.0,1.0,21700.0,1.0,21600.0,1.0,21500.0,1.0,22500.0,1.0,22600.0,1.0,22700.0,1.0,22800.0,1.0,22900.0,1.0,23000.0,1.0,23100.0,1.0,23200.0,1.0,23300.0,1.0,23400.0,1.0
000629.SZ,2020-08-04,09:30:55,22400.0,0.0993197278911564,2234.6938775510203,22400.0,1.0,22300.0,1.0,22200.0,1.0,22100.0,1,22000.0,1.0,21900.0,1.0,21800.0,1.0,21700.0,1.0,21600.0,1.0,21500.0,1.0,22500.0,1.0,22600.0,1.0,22700.0,1.0,22800.0,1.0,22900.0,1.0,23000.0,1.0,23100.0,1.0,23200.0,1.0,23300.0,1.0,23400.0,1.0
000629.SZ,2020-08-04,09:30:56,22500.0,0.0353741496598639,795.9183673469388,22400.0,1.0,22300.0,1.0,22200.0,1.0,22100.0,1,22000.0,1.0,21900.0,1.0,21800.0,1.0,21700.0,1.0,21600.0,1.0,21500.0,1.0,22500.0,1.0,22600.0,1.0,22700.0,1.0,22800.0,1.0,22900.0,1.0,23000.0,1.0,23100.0,1.0,23200.0,1.0,23300.0,1.0,23400.0,1.0
000629.SZ,2020-08-04,09:30:57,22500.0,0.5578231292517006,12539.86394557823,22400.0,1.0,22300.0,1.0,22200.0,1.0,22100.0,1,22000.0,1.0,21900.0,1.0,21800.0,1.0,21700.0,1.0,21600.0,1.0,21500.0,1.0,22500.0,1.0,22600.0,1.0,22700.0,1.0,22800.0,1.0,22900.0,1.0,23000.0,1.0,23100.0,1.0,23200.0,1.0,23300.0,1.0,23400.0,1.0
000629.SZ,2020-08-04,09:30:58,22400.0,0.4761904761904761,10705.714285714284,22400.0,1.0,22300.0,1.0,22200.0,1.0,22100.0,1,22000.0,1.0,21900.0,1.0,21800.0,1.0,21700.0,1.0,21600.0,1.0,21500.0,1.0,22500.0,1.0,22600.0,1.0,22700.0,1.0,22800.0,1.0,22900.0,1.0,23000.0,1.0,23100.0,1.0,23200.0,1.0,23300.0,1.0,23400.0,1.0
000629.SZ,2020-08-04,09:30:59,22400.0,1.0,22500.0,22400.0,1.0,22300.0,1.0,22200.0,1.0,22100.0,1,22000.0,1.0,21900.0,1.0,21800.0,1.0,21700.0,1.0,21600.0,1.0,21500.0,1.0,22500.0,0.77,22600.0,1.0,22700.0,1.0,22800.0,1.0,22900.0,1.0,23000.0,1.0,23100.0,1.0,23200.0,1.0,23300.0,1.0,23400.0,1.0
000629.SZ,2020-08-04,09:31:00,22500.0,1.0,22403.0,22400.0,1.0,22300.0,1.0,22200.0,1.0,22100.0,1,22000.0,1.0,21900.0,1.0,21800.0,1.0,21700.0,1.0,21600.0,1.0,21500.0,1.0,22500.0,0.68,22600.0,1.0,22700.0,1.0,22800.0,1.0,22900.0,1.0,23000.0,1.0,23100.0,1.0,23200.0,1.0,23300.0,1.0,23400.0,1.0
000629.SZ,2020-08-04,09:31:01,22400.0,0.1782312925170068,4010.2040816326535,22400.0,1.0,22300.0,1.0,22200.0,1.0,22100.0,1,22000.0,1.0,21900.0,1.0,21800.0,1.0,21700.0,1.0,21600.0,1.0,21500.0,1.0,22500.0,0.64,22600.0,1.0,22700.0,1.0,22800.0,1.0,22900.0,1.0,23000.0,1.0,23100.0,1.0,23200.0,1.0,23300.0,1.0,23400.0,1.0
000629.SZ,2020-08-04,09:31:02,22500.0,0.0136054421768707,306.1224489795918,22400.0,1.0,22300.0,1.0,22200.0,1.0,22100.0,1,22000.0,1.0,21900.0,1.0,21800.0,1.0,21700.0,1.0,21600.0,1.0,21500.0,1.0,22500.0,0.63,22600.0,1.0,22700.0,1.0,22800.0,1.0,22900.0,1.0,23000.0,1.0,23100.0,1.0,23200.0,1.0,23300.0,1.0,23400.0,1.0
000629.SZ,2020-08-04,09:31:03,22500.0,0.0040816326530612,91.42857142857144,22400.0,1.0,22300.0,1.0,22200.0,1.0,22100.0,1,22000.0,1.0,21900.0,1.0,21800.0,1.0,21700.0,1.0,21600.0,1.0,21500.0,1.0,22500.0,0.63,22600.0,1.0,22700.0,1.0,22800.0,1.0,22900.0,1.0,23000.0,1.0,23100.0,1.0,23200.0,1.0,23300.0,1.0,23400.0,1.0
000629.SZ,2020-08-04,09:31:04,22400.0,0.0040816326530612,91.83673469387756,22400.0,1.0,22300.0,1.0,22200.0,1.0,22100.0,1,22000.0,1.0,21900.0,1.0,21800.0,1.0,21700.0,1.0,21600.0,1.0,21500.0,1.0,22500.0,0.62,22600.0,1.0,22700.0,1.0,22800.0,1.0,22900.0,1.0,23000.0,1.0,23100.0,1.0,23200.0,1.0,23300.0,1.0,23400.0,1.0
000629.SZ,2020-08-04,09:31:05,22500.0,0.4204081632653061,9459.183673469388,22400.0,1.0,22300.0,1.0,22200.0,1.0,22100.0,1,22000.0,1.0,21900.0,1.0,21800.0,1.0,21700.0,1.0,21600.0,1.0,21500.0,1.0,22500.0,0.22,22600.0,1.0,22700.0,1.0,22800.0,1.0,22900.0,1.0,23000.0,1.0,23100.0,1.0,23200.0,1.0,23300.0,1.0,23400.0,1.0
000629.SZ,2020-08-04,09:31:06,22500.0,0.1945578231292517,4377.551020408164,22400.0,1.0,22300.0,1.0,22200.0,1.0,22100.0,1,22000.0,1.0,21900.0,1.0,21800.0,1.0,21700.0,1.0,21600.0,1.0,21500.0,1.0,22500.0,0.03,22600.0,1.0,22700.0,1.0,22800.0,1.0,22900.0,1.0,23000.0,1.0,23100.0,1.0,23200.0,1.0,23300.0,1.0,23400.0,1.0
000629.SZ,2020-08-04,09:31:07,22500.0,0.0272108843537414,612.2448979591836,22400.0,1.0,22300.0,1.0,22200.0,1.0,22100.0,1,22000.0,1.0,21900.0,1.0,21800.0,1.0,21700.0,1.0,21600.0,1.0,21500.0,1.0,22500.0,0.01,22600.0,1.0,22700.0,1.0,22800.0,1.0,22900.0,1.0,23000.0,1.0,23100.0,1.0,23200.0,1.0,23300.0,1.0,23400.0,1.0
000629.SZ,2020-08-04,09:31:08,22500.0,0.0081632653061224,183.67346938775512,22400.0,1.0,22300.0,1.0,22200.0,1.0,22100.0,1,22000.0,1.0,21900.0,1.0,21800.0,1.0,21700.0,1.0,21600.0,1.0,21500.0,1.0,22600.0,1.0,22700.0,1.0,22800.0,1.0,22900.0,1.0,23000.0,1.0,23100.0,1.0,23200.0,1.0,23300.0,1.0,23400.0,1.0,23500.0,1.0
000629.SZ,2020-08-04,09:31:09,22500.0,0.0285714285714285,642.8571428571429,22500.0,0.36,22400.0,1.0,22300.0,1.0,22200.0,1,22100.0,1.0,22000.0,1.0,21900.0,1.0,21800.0,1.0,21700.0,1.0,21600.0,1.0,22600.0,1.0,22700.0,1.0,22800.0,1.0,22900.0,1.0,23000.0,1.0,23100.0,1.0,23200.0,1.0,23300.0,1.0,23400.0,1.0,23500.0,1.0
000629.SZ,2020-08-04,09:31:10,22500.0,0.4489795918367347,10102.040816326533,22400.0,1.0,22300.0,1.0,22200.0,1.0,22100.0,1,22000.0,1.0,21900.0,1.0,21800.0,1.0,21700.0,1.0,21600.0,1.0,21500.0,1.0,22500.0,0.12,22600.0,1.0,22700.0,1.0,22800.0,1.0,22900.0,1.0,23000.0,1.0,23100.0,1.0,23200.0,1.0,23300.0,1.0,23400.0,1.0
000629.SZ,2020-08-04,09:31:11,22500.0,0.0843537414965986,1897.9591836734687,22400.0,1.0,22300.0,1.0,22200.0,1.0,22100.0,1,22000.0,1.0,21900.0,1.0,21800.0,1.0,21700.0,1.0,21600.0,1.0,21500.0,1.0,22500.0,0.03,22600.0,1.0,22700.0,1.0,22800.0,1.0,22900.0,1.0,23000.0,1.0,23100.0,1.0,23200.0,1.0,23300.0,1.0,23400.0,1.0
000629.SZ,2020-08-04,09:31:12,22500.0,1.0,22597.0,22500.0,0.0,22400.0,1.0,22300.0,1.0,22200.0,1,22100.0,1.0,22000.0,1.0,21900.0,1.0,21800.0,1.0,21700.0,1.0,21600.0,1.0,22600.0,1.0,22700.0,1.0,22800.0,1.0,22900.0,1.0,23000.0,1.0,23100.0,1.0,23200.0,1.0,23300.0,1.0,23400.0,1.0,23500.0,1.0
000629.SZ,2020-08-04,09:31:13,22600.0,0.0272108843537414,612.2448979591836,22500.0,0.03,22400.0,1.0,22300.0,1.0,22200.0,1,22100.0,1.0,22000.0,1.0,21900.0,1.0,21800.0,1.0,21700.0,1.0,21600.0,1.0,22600.0,1.0,22700.0,1.0,22800.0,1.0,22900.0,1.0,23000.0,1.0,23100.0,1.0,23200.0,1.0,23300.0,1.0,23400.0,1.0,23500.0,1.0
000629.SZ,2020-08-04,09:31:14,22500.0,0.0,0.0,22500.0,0.05,22400.0,1.0,22300.0,1.0,22200.0,1,22100.0,1.0,22000.0,1.0,21900.0,1.0,21800.0,1.0,21700.0,1.0,21600.0,1.0,22600.0,1.0,22700.0,1.0,22800.0,1.0,22900.0,1.0,23000.0,1.0,23100.0,1.0,23200.0,1.0,23300.0,1.0,23400.0,1.0,23500.0,1.0
000629.SZ,2020-08-04,09:31:15,22500.0,0.0,0.0,22500.0,0.06,22400.0,1.0,22300.0,1.0,22200.0,1,22100.0,1.0,22000.0,1.0,21900.0,1.0,21800.0,1.0,21700.0,1.0,21600.0,1.0,22600.0,1.0,22700.0,1.0,22800.0,1.0,22900.0,1.0,23000.0,1.0,23100.0,1.0,23200.0,1.0,23300.0,1.0,23400.0,1.0,23500.0,1.0
000629.SZ,2020-08-04,09:31:16,22500.0,0.2448979591836734,5510.204081632653,22500.0,0.05,22400.0,1.0,22300.0,1.0,22200.0,1,22100.0,1.0,22000.0,1.0,21900.0,1.0,21800.0,1.0,21700.0,1.0,21600.0,1.0,22600.0,1.0,22700.0,1.0,22800.0,1.0,22900.0,1.0,23000.0,1.0,23100.0,1.0,23200.0,1.0,23300.0,1.0,23400.0,1.0,23500.0,1.0
000629.SZ,2020-08-04,09:31:17,22500.0,0.0,0.0,22500.0,0.02,22400.0,1.0,22300.0,1.0,22200.0,1,22100.0,1.0,22000.0,1.0,21900.0,1.0,21800.0,1.0,21700.0,1.0,21600.0,1.0,22600.0,1.0,22700.0,1.0,22800.0,1.0,22900.0,1.0,23000.0,1.0,23100.0,1.0,23200.0,1.0,23300.0,1.0,23400.0,1.0,23500.0,1.0
000629.SZ,2020-08-04,09:31:18,22500.0,0.1224489795918367,2755.1020408163263,22400.0,1.0,22300.0,1.0,22200.0,1.0,22100.0,1,22000.0,1.0,21900.0,1.0,21800.0,1.0,21700.0,1.0,21600.0,1.0,21500.0,1.0,22500.0,0.73,22600.0,1.0,22700.0,1.0,22800.0,1.0,22900.0,1.0,23000.0,1.0,23100.0,1.0,23200.0,1.0,23300.0,1.0,23400.0,1.0
000629.SZ,2020-08-04,09:31:19,22500.0,0.1319727891156462,2969.3877551020405,22400.0,1.0,22300.0,1.0,22200.0,1.0,22100.0,1,22000.0,1.0,21900.0,1.0,21800.0,1.0,21700.0,1.0,21600.0,1.0,21500.0,1.0,22500.0,0.6,22600.0,1.0,22700.0,1.0,22800.0,1.0,22900.0,1.0,23000.0,1.0,23100.0,1.0,23200.0,1.0,23300.0,1.0,23400.0,1.0
000629.SZ,2020-08-04,09:31:20,22500.0,0.0176870748299319,396.5972789115647,22400.0,1.0,22300.0,1.0,22200.0,1.0,22100.0,1,22000.0,1.0,21900.0,1.0,21800.0,1.0,21700.0,1.0,21600.0,1.0,21500.0,1.0,22500.0,0.62,22600.0,1.0,22700.0,1.0,22800.0,1.0,22900.0,1.0,23000.0,1.0,23100.0,1.0,23200.0,1.0,23300.0,1.0,23400.0,1.0
000629.SZ,2020-08-04,09:31:21,22400.0,0.0,0.0,22400.0,1.0,22300.0,1.0,22200.0,1.0,22100.0,1,22000.0,1.0,21900.0,1.0,21800.0,1.0,21700.0,1.0,21600.0,1.0,21500.0,1.0,22500.0,0.64,22600.0,1.0,22700.0,1.0,22800.0,1.0,22900.0,1.0,23000.0,1.0,23100.0,1.0,23200.0,1.0,23300.0,1.0,23400.0,1.0
000629.SZ,2020-08-04,09:31:22,22400.0,0.0285714285714285,640.0,22400.0,1.0,22300.0,1.0,22200.0,1.0,22100.0,1,22000.0,1.0,21900.0,1.0,21800.0,1.0,21700.0,1.0,21600.0,1.0,21500.0,1.0,22500.0,0.66,22600.0,1.0,22700.0,1.0,22800.0,1.0,22900.0,1.0,23000.0,1.0,23100.0,1.0,23200.0,1.0,23300.0,1.0,23400.0,1.0
000629.SZ,2020-08-04,09:31:23,22400.0,0.0040816326530612,91.83673469387756,22400.0,1.0,22300.0,1.0,22200.0,1.0,22100.0,1,22000.0,1.0,21900.0,1.0,21800.0,1.0,21700.0,1.0,21600.0,1.0,21500.0,1.0,22500.0,0.66,22600.0,1.0,22700.0,1.0,22800.0,1.0,22900.0,1.0,23000.0,1.0,23100.0,1.0,23200.0,1.0,23300.0,1.0,23400.0,1.0
000629.SZ,2020-08-04,09:31:24,22500.0,0.0040816326530612,91.42857142857144,22400.0,1.0,22300.0,1.0,22200.0,1.0,22100.0,1,22000.0,1.0,21900.0,1.0,21800.0,1.0,21700.0,1.0,21600.0,1.0,21500.0,1.0,22500.0,0.79,22600.0,1.0,22700.0,1.0,22800.0,1.0,22900.0,1.0,23000.0,1.0,23100.0,1.0,23200.0,1.0,23300.0,1.0,23400.0,1.0
000629.SZ,2020-08-04,09:31:25,22400.0,0.0027210884353741,61.224489795918366,22400.0,1.0,22300.0,1.0,22200.0,1.0,22100.0,1,22000.0,1.0,21900.0,1.0,21800.0,1.0,21700.0,1.0,21600.0,1.0,21500.0,1.0,22500.0,0.79,22600.0,1.0,22700.0,1.0,22800.0,1.0,22900.0,1.0,23000.0,1.0,23100.0,1.0,23200.0,1.0,23300.0,1.0,23400.0,1.0
000629.SZ,2020-08-04,09:31:26,22500.0,0.0,0.0,22400.0,1.0,22300.0,1.0,22200.0,1.0,22100.0,1,22000.0,1.0,21900.0,1.0,21800.0,1.0,21700.0,1.0,21600.0,1.0,21500.0,1.0,22500.0,0.79,22600.0,1.0,22700.0,1.0,22800.0,1.0,22900.0,1.0,23000.0,1.0,23100.0,1.0,23200.0,1.0,23300.0,1.0,23400.0,1.0
000629.SZ,2020-08-04,09:31:27,22500.0,0.0,0.0,22400.0,1.0,22300.0,1.0,22200.0,1.0,22100.0,1,22000.0,1.0,21900.0,1.0,21800.0,1.0,21700.0,1.0,21600.0,1.0,21500.0,1.0,22500.0,0.79,22600.0,1.0,22700.0,1.0,22800.0,1.0,22900.0,1.0,23000.0,1.0,23100.0,1.0,23200.0,1.0,23300.0,1.0,23400.0,1.0
000629.SZ,2020-08-04,09:31:28,22500.0,0.4802721088435374,10806.122448979591,22400.0,1.0,22300.0,1.0,22200.0,1.0,22100.0,1,22000.0,1.0,21900.0,1.0,21800.0,1.0,21700.0,1.0,21600.0,1.0,21500.0,1.0,22500.0,0.46,22600.0,1.0,22700.0,1.0,22800.0,1.0,22900.0,1.0,23000.0,1.0,23100.0,1.0,23200.0,1.0,23300.0,1.0,23400.0,1.0
000629.SZ,2020-08-04,09:31:29,22500.0,0.182312925170068,4102.040816326531,22400.0,1.0,22300.0,1.0,22200.0,1.0,22100.0,1,22000.0,1.0,21900.0,1.0,21800.0,1.0,21700.0,1.0,21600.0,1.0,21500.0,1.0,22500.0,0.29,22600.0,1.0,22700.0,1.0,22800.0,1.0,22900.0,1.0,23000.0,1.0,23100.0,1.0,23200.0,1.0,23300.0,1.0,23400.0,1.0
000629.SZ,2020-08-04,09:31:30,22500.0,0.1959183673469387,4404.0489795918365,22400.0,1.0,22300.0,1.0,22200.0,1.0,22100.0,1,22000.0,1.0,21900.0,1.0,21800.0,1.0,21700.0,1.0,21600.0,1.0,21500.0,1.0,22500.0,0.14,22600.0,1.0,22700.0,1.0,22800.0,1.0,22900.0,1.0,23000.0,1.0,23100.0,1.0,23200.0,1.0,23300.0,1.0,23400.0,1.0
000629.SZ,2020-08-04,09:31:31,22500.0,0.1863945578231292,4193.877551020408,22500.0,0.35,22400.0,1.0,22300.0,1.0,22200.0,1,22100.0,1.0,22000.0,1.0,21900.0,1.0,21800.0,1.0,21700.0,1.0,21600.0,1.0,22600.0,1.0,22700.0,1.0,22800.0,1.0,22900.0,1.0,23000.0,1.0,23100.0,1.0,23200.0,1.0,23300.0,1.0,23400.0,1.0,23500.0,1.0
000629.SZ,2020-08-04,09:31:32,22500.0,0.3673469387755102,8265.30612244898,22400.0,1.0,22300.0,1.0,22200.0,1.0,22100.0,1,22000.0,1.0,21900.0,1.0,21800.0,1.0,21700.0,1.0,21600.0,1.0,21500.0,1.0,22500.0,1.0,22600.0,1.0,22700.0,1.0,22800.0,1.0,22900.0,1.0,23000.0,1.0,23100.0,1.0,23200.0,1.0,23300.0,1.0,23400.0,1.0
000629.SZ,2020-08-04,09:31:33,22500.0,0.0054421768707482,122.44897959183672,22400.0,1.0,22300.0,1.0,22200.0,1.0,22100.0,1,22000.0,1.0,21900.0,1.0,21800.0,1.0,21700.0,1.0,21600.0,1.0,21500.0,1.0,22500.0,1.0,22600.0,1.0,22700.0,1.0,22800.0,1.0,22900.0,1.0,23000.0,1.0,23100.0,1.0,23200.0,1.0,23300.0,1.0,23400.0,1.0
000629.SZ,2020-08-04,09:31:34,22500.0,0.036734693877551,824.3265306122449,22400.0,1.0,22300.0,1.0,22200.0,1.0,22100.0,1,22000.0,1.0,21900.0,1.0,21800.0,1.0,21700.0,1.0,21600.0,1.0,21500.0,1.0,22500.0,1.0,22600.0,1.0,22700.0,1.0,22800.0,1.0,22900.0,1.0,23000.0,1.0,23100.0,1.0,23200.0,1.0,23300.0,1.0,23400.0,1.0
000629.SZ,2020-08-04,09:31:35,22400.0,0.0,0.0,22400.0,1.0,22300.0,1.0,22200.0,1.0,22100.0,1,22000.0,1.0,21900.0,1.0,21800.0,1.0,21700.0,1.0,21600.0,1.0,21500.0,1.0,22500.0,1.0,22600.0,1.0,22700.0,1.0,22800.0,1.0,22900.0,1.0,23000.0,1.0,23100.0,1.0,23200.0,1.0,23300.0,1.0,23400.0,1.0
000629.SZ,2020-08-04,09:31:36,22400.0,0.0,0.0,22400.0,1.0,22300.0,1.0,22200.0,1.0,22100.0,1,22000.0,1.0,21900.0,1.0,21800.0,1.0,21700.0,1.0,21600.0,1.0,21500.0,1.0,22500.0,1.0,22600.0,1.0,22700.0,1.0,22800.0,1.0,22900.0,1.0,23000.0,1.0,23100.0,1.0,23200.0,1.0,23300.0,1.0,23400.0,1.0
000629.SZ,2020-08-04,09:31:37,22400.0,0.0,0.0,22400.0,1.0,22300.0,1.0,22200.0,1.0,22100.0,1,22000.0,1.0,21900.0,1.0,21800.0,1.0,21700.0,1.0,21600.0,1.0,21500.0,1.0,22500.0,1.0,22600.0,1.0,22700.0,1.0,22800.0,1.0,22900.0,1.0,23000.0,1.0,23100.0,1.0,23200.0,1.0,23300.0,1.0,23400.0,1.0
000629.SZ,2020-08-04,09:31:38,22400.0,0.0,0.0,22400.0,1.0,22300.0,1.0,22200.0,1.0,22100.0,1,22000.0,1.0,21900.0,1.0,21800.0,1.0,21700.0,1.0,21600.0,1.0,21500.0,1.0,22500.0,1.0,22600.0,1.0,22700.0,1.0,22800.0,1.0,22900.0,1.0,23000.0,1.0,23100.0,1.0,23200.0,1.0,23300.0,1.0,23400.0,1.0
000629.SZ,2020-08-04,09:31:39,22400.0,0.0843537414965986,1889.5238095238092,22400.0,1.0,22300.0,1.0,22200.0,1.0,22100.0,1,22000.0,1.0,21900.0,1.0,21800.0,1.0,21700.0,1.0,21600.0,1.0,21500.0,1.0,22500.0,1.0,22600.0,1.0,22700.0,1.0,22800.0,1.0,22900.0,1.0,23000.0,1.0,23100.0,1.0,23200.0,1.0,23300.0,1.0,23400.0,1.0
000629.SZ,2020-08-04,09:31:40,22400.0,0.0027210884353741,60.95238095238095,22400.0,1.0,22300.0,1.0,22200.0,1.0,22100.0,1,22000.0,1.0,21900.0,1.0,21800.0,1.0,21700.0,1.0,21600.0,1.0,21500.0,1.0,22500.0,1.0,22600.0,1.0,22700.0,1.0,22800.0,1.0,22900.0,1.0,23000.0,1.0,23100.0,1.0,23200.0,1.0,23300.0,1.0,23400.0,1.0
000629.SZ,2020-08-04,09:31:41,22400.0,0.0,0.0,22400.0,1.0,22300.0,1.0,22200.0,1.0,22100.0,1,22000.0,1.0,21900.0,1.0,21800.0,1.0,21700.0,1.0,21600.0,1.0,21500.0,1.0,22500.0,1.0,22600.0,1.0,22700.0,1.0,22800.0,1.0,22900.0,1.0,23000.0,1.0,23100.0,1.0,23200.0,1.0,23300.0,1.0,23400.0,1.0
000629.SZ,2020-08-04,09:31:42,22400.0,0.0027210884353741,61.224489795918366,22400.0,1.0,22300.0,1.0,22200.0,1.0,22100.0,1,22000.0,1.0,21900.0,1.0,21800.0,1.0,21700.0,1.0,21600.0,1.0,21500.0,1.0,22500.0,1.0,22600.0,1.0,22700.0,1.0,22800.0,1.0,22900.0,1.0,23000.0,1.0,23100.0,1.0,23200.0,1.0,23300.0,1.0,23400.0,1.0
000629.SZ,2020-08-04,09:31:43,22500.0,0.001360544217687,30.476190476190474,22400.0,1.0,22300.0,1.0,22200.0,1.0,22100.0,1,22000.0,1.0,21900.0,1.0,21800.0,1.0,21700.0,1.0,21600.0,1.0,21500.0,1.0,22500.0,1.0,22600.0,1.0,22700.0,1.0,22800.0,1.0,22900.0,1.0,23000.0,1.0,23100.0,1.0,23200.0,1.0,23300.0,1.0,23400.0,1.0
000629.SZ,2020-08-04,09:31:44,22400.0,0.272108843537415,6122.448979591837,22400.0,1.0,22300.0,1.0,22200.0,1.0,22100.0,1,22000.0,1.0,21900.0,1.0,21800.0,1.0,21700.0,1.0,21600.0,1.0,21500.0,1.0,22500.0,1.0,22600.0,1.0,22700.0,1.0,22800.0,1.0,22900.0,1.0,23000.0,1.0,23100.0,1.0,23200.0,1.0,23300.0,1.0,23400.0,1.0
000629.SZ,2020-08-04,09:31:45,22500.0,0.0040816326530612,91.42857142857144,22400.0,1.0,22300.0,1.0,22200.0,1.0,22100.0,1,22000.0,1.0,21900.0,1.0,21800.0,1.0,21700.0,1.0,21600.0,1.0,21500.0,1.0,22500.0,1.0,22600.0,1.0,22700.0,1.0,22800.0,1.0,22900.0,1.0,23000.0,1.0,23100.0,1.0,23200.0,1.0,23300.0,1.0,23400.0,1.0
000629.SZ,2020-08-04,09:31:46,22400.0,1.0,22400.0,22400.0,1.0,22300.0,1.0,22200.0,1.0,22100.0,1,22000.0,1.0,21900.0,1.0,21800.0,1.0,21700.0,1.0,21600.0,1.0,21500.0,1.0,22500.0,1.0,22600.0,1.0,22700.0,1.0,22800.0,1.0,22900.0,1.0,23000.0,1.0,23100.0,1.0,23200.0,1.0,23300.0,1.0,23400.0,1.0
000629.SZ,2020-08-04,09:31:47,22400.0,0.0,0.0,22400.0,1.0,22300.0,1.0,22200.0,1.0,22100.0,1,22000.0,1.0,21900.0,1.0,21800.0,1.0,21700.0,1.0,21600.0,1.0,21500.0,1.0,22500.0,1.0,22600.0,1.0,22700.0,1.0,22800.0,1.0,22900.0,1.0,23000.0,1.0,23100.0,1.0,23200.0,1.0,23300.0,1.0,23400.0,1.0
000629.SZ,2020-08-04,09:31:48,22400.0,0.0,0.0,22400.0,1.0,22300.0,1.0,22200.0,1.0,22100.0,1,22000.0,1.0,21900.0,1.0,21800.0,1.0,21700.0,1.0,21600.0,1.0,21500.0,1.0,22500.0,1.0,22600.0,1.0,22700.0,1.0,22800.0,1.0,22900.0,1.0,23000.0,1.0,23100.0,1.0,23200.0,1.0,23300.0,1.0,23400.0,1.0
000629.SZ,2020-08-04,09:31:49,22400.0,0.0,0.0,22400.0,1.0,22300.0,1.0,22200.0,1.0,22100.0,1,22000.0,1.0,21900.0,1.0,21800.0,1.0,21700.0,1.0,21600.0,1.0,21500.0,1.0,22500.0,1.0,22600.0,1.0,22700.0,1.0,22800.0,1.0,22900.0,1.0,23000.0,1.0,23100.0,1.0,23200.0,1.0,23300.0,1.0,23400.0,1.0
000629.SZ,2020-08-04,09:31:50,22400.0,0.1931972789115646,4346.938775510204,22400.0,1.0,22300.0,1.0,22200.0,1.0,22100.0,1,22000.0,1.0,21900.0,1.0,21800.0,1.0,21700.0,1.0,21600.0,1.0,21500.0,1.0,22500.0,1.0,22600.0,1.0,22700.0,1.0,22800.0,1.0,22900.0,1.0,23000.0,1.0,23100.0,1.0,23200.0,1.0,23300.0,1.0,23400.0,1.0
000629.SZ,2020-08-04,09:31:51,22500.0,0.1360544217687075,3061.2244897959185,22400.0,1.0,22300.0,1.0,22200.0,1.0,22100.0,1,22000.0,1.0,21900.0,1.0,21800.0,1.0,21700.0,1.0,21600.0,1.0,21500.0,1.0,22500.0,1.0,22600.0,1.0,22700.0,1.0,22800.0,1.0,22900.0,1.0,23000.0,1.0,23100.0,1.0,23200.0,1.0,23300.0,1.0,23400.0,1.0
000629.SZ,2020-08-04,09:31:52,22500.0,0.0,0.0,22400.0,1.0,22300.0,1.0,22200.0,1.0,22100.0,1,22000.0,1.0,21900.0,1.0,21800.0,1.0,21700.0,1.0,21600.0,1.0,21500.0,1.0,22500.0,1.0,22600.0,1.0,22700.0,1.0,22800.0,1.0,22900.0,1.0,23000.0,1.0,23100.0,1.0,23200.0,1.0,23300.0,1.0,23400.0,1.0
000629.SZ,2020-08-04,09:31:53,22500.0,0.0,0.0,22400.0,1.0,22300.0,1.0,22200.0,1.0,22100.0,1,22000.0,1.0,21900.0,1.0,21800.0,1.0,21700.0,1.0,21600.0,1.0,21500.0,1.0,22500.0,1.0,22600.0,1.0,22700.0,1.0,22800.0,1.0,22900.0,1.0,23000.0,1.0,23100.0,1.0,23200.0,1.0,23300.0,1.0,23400.0,1.0
000629.SZ,2020-08-04,09:31:54,22500.0,0.0,0.0,22400.0,1.0,22300.0,1.0,22200.0,1.0,22100.0,1,22000.0,1.0,21900.0,1.0,21800.0,1.0,21700.0,1.0,21600.0,1.0,21500.0,1.0,22500.0,1.0,22600.0,1.0,22700.0,1.0,22800.0,1.0,22900.0,1.0,23000.0,1.0,23100.0,1.0,23200.0,1.0,23300.0,1.0,23400.0,1.0
000629.SZ,2020-08-04,09:31:55,22500.0,0.0,0.0,22400.0,1.0,22300.0,1.0,22200.0,1.0,22100.0,1,22000.0,1.0,21900.0,1.0,21800.0,1.0,21700.0,1.0,21600.0,1.0,21500.0,1.0,22500.0,1.0,22600.0,1.0,22700.0,1.0,22800.0,1.0,22900.0,1.0,23000.0,1.0,23100.0,1.0,23200.0,1.0,23300.0,1.0,23400.0,1.0
000629.SZ,2020-08-04,09:31:56,22500.0,0.0,0.0,22400.0,1.0,22300.0,1.0,22200.0,1.0,22100.0,1,22000.0,1.0,21900.0,1.0,21800.0,1.0,21700.0,1.0,21600.0,1.0,21500.0,1.0,22500.0,1.0,22600.0,1.0,22700.0,1.0,22800.0,1.0,22900.0,1.0,23000.0,1.0,23100.0,1.0,23200.0,1.0,23300.0,1.0,23400.0,1.0
000629.SZ,2020-08-04,09:31:57,22500.0,0.0,0.0,22400.0,1.0,22300.0,1.0,22200.0,1.0,22100.0,1,22000.0,1.0,21900.0,1.0,21800.0,1.0,21700.0,1.0,21600.0,1.0,21500.0,1.0,22500.0,1.0,22600.0,1.0,22700.0,1.0,22800.0,1.0,22900.0,1.0,23000.0,1.0,23100.0,1.0,23200.0,1.0,23300.0,1.0,23400.0,1.0
000629.SZ,2020-08-04,09:31:58,22500.0,0.0489795918367346,1102.0408163265306,22400.0,1.0,22300.0,1.0,22200.0,1.0,22100.0,1,22000.0,1.0,21900.0,1.0,21800.0,1.0,21700.0,1.0,21600.0,1.0,21500.0,1.0,22500.0,1.0,22600.0,1.0,22700.0,1.0,22800.0,1.0,22900.0,1.0,23000.0,1.0,23100.0,1.0,23200.0,1.0,23300.0,1.0,23400.0,1.0
000629.SZ,2020-08-04,09:31:59,22500.0,0.0,0.0,22400.0,1.0,22300.0,1.0,22200.0,1.0,22100.0,1,22000.0,1.0,21900.0,1.0,21800.0,1.0,21700.0,1.0,21600.0,1.0,21500.0,1.0,22500.0,1.0,22600.0,1.0,22700.0,1.0,22800.0,1.0,22900.0,1.0,23000.0,1.0,23100.0,1.0,23200.0,1.0,23300.0,1.0,23400.0,1.0
000629.SZ,2020-08-04,09:32:00,22500.0,0.0,0.0,22400.0,1.0,22300.0,1.0,22200.0,1.0,22100.0,1,22000.0,1.0,21900.0,1.0,21800.0,1.0,21700.0,1.0,21600.0,1.0,21500.0,1.0,22500.0,1.0,22600.0,1.0,22700.0,1.0,22800.0,1.0,22900.0,1.0,23000.0,1.0,23100.0,1.0,23200.0,1.0,23300.0,1.0,23400.0,1.0
000629.SZ,2020-08-04,09:32:01,22500.0,0.0,0.0,22400.0,1.0,22300.0,1.0,22200.0,1.0,22100.0,1,22000.0,1.0,21900.0,1.0,21800.0,1.0,21700.0,1.0,21600.0,1.0,21500.0,1.0,22500.0,1.0,22600.0,1.0,22700.0,1.0,22800.0,1.0,22900.0,1.0,23000.0,1.0,23100.0,1.0,23200.0,1.0,23300.0,1.0,23400.0,1.0
000629.SZ,2020-08-04,09:32:02,22500.0,0.0,0.0,22400.0,1.0,22300.0,1.0,22200.0,1.0,22100.0,1,22000.0,1.0,21900.0,1.0,21800.0,1.0,21700.0,1.0,21600.0,1.0,21500.0,1.0,22500.0,1.0,22600.0,1.0,22700.0,1.0,22800.0,1.0,22900.0,1.0,23000.0,1.0,23100.0,1.0,23200.0,1.0,23300.0,1.0,23400.0,1.0
000629.SZ,2020-08-04,09:32:03,22500.0,0.1360544217687075,3047.619047619048,22400.0,1.0,22300.0,1.0,22200.0,1.0,22100.0,1,22000.0,1.0,21900.0,1.0,21800.0,1.0,21700.0,1.0,21600.0,1.0,21500.0,1.0,22500.0,1.0,22600.0,1.0,22700.0,1.0,22800.0,1.0,22900.0,1.0,23000.0,1.0,23100.0,1.0,23200.0,1.0,23300.0,1.0,23400.0,1.0
000629.SZ,2020-08-04,09:32:04,22400.0,0.0,0.0,22400.0,1.0,22300.0,1.0,22200.0,1.0,22100.0,1,22000.0,1.0,21900.0,1.0,21800.0,1.0,21700.0,1.0,21600.0,1.0,21500.0,1.0,22500.0,1.0,22600.0,1.0,22700.0,1.0,22800.0,1.0,22900.0,1.0,23000.0,1.0,23100.0,1.0,23200.0,1.0,23300.0,1.0,23400.0,1.0
000629.SZ,2020-08-04,09:32:05,22400.0,0.0,0.0,22400.0,1.0,22300.0,1.0,22200.0,1.0,22100.0,1,22000.0,1.0,21900.0,1.0,21800.0,1.0,21700.0,1.0,21600.0,1.0,21500.0,1.0,22500.0,1.0,22600.0,1.0,22700.0,1.0,22800.0,1.0,22900.0,1.0,23000.0,1.0,23100.0,1.0,23200.0,1.0,23300.0,1.0,23400.0,1.0
000629.SZ,2020-08-04,09:32:06,22400.0,0.0775510204081632,1744.8979591836735,22400.0,1.0,22300.0,1.0,22200.0,1.0,22100.0,1,22000.0,1.0,21900.0,1.0,21800.0,1.0,21700.0,1.0,21600.0,1.0,21500.0,1.0,22500.0,1.0,22600.0,1.0,22700.0,1.0,22800.0,1.0,22900.0,1.0,23000.0,1.0,23100.0,1.0,23200.0,1.0,23300.0,1.0,23400.0,1.0
000629.SZ,2020-08-04,09:32:07,22500.0,0.0040816326530612,91.42857142857144,22400.0,1.0,22300.0,1.0,22200.0,1.0,22100.0,1,22000.0,1.0,21900.0,1.0,21800.0,1.0,21700.0,1.0,21600.0,1.0,21500.0,1.0,22500.0,1.0,22600.0,1.0,22700.0,1.0,22800.0,1.0,22900.0,1.0,23000.0,1.0,23100.0,1.0,23200.0,1.0,23300.0,1.0,23400.0,1.0
000629.SZ,2020-08-04,09:32:08,22400.0,0.0299319727891156,670.4761904761905,22400.0,1.0,22300.0,1.0,22200.0,1.0,22100.0,1,22000.0,1.0,21900.0,1.0,21800.0,1.0,21700.0,1.0,21600.0,1.0,21500.0,1.0,22500.0,1.0,22600.0,1.0,22700.0,1.0,22800.0,1.0,22900.0,1.0,23000.0,1.0,23100.0,1.0,23200.0,1.0,23300.0,1.0,23400.0,1.0
000629.SZ,2020-08-04,09:32:09,22400.0,0.0,0.0,22400.0,1.0,22300.0,1.0,22200.0,1.0,22100.0,1,22000.0,1.0,21900.0,1.0,21800.0,1.0,21700.0,1.0,21600.0,1.0,21500.0,1.0,22500.0,1.0,22600.0,1.0,22700.0,1.0,22800.0,1.0,22900.0,1.0,23000.0,1.0,23100.0,1.0,23200.0,1.0,23300.0,1.0,23400.0,1.0
000629.SZ,2020-08-04,09:32:10,22400.0,0.0,0.0,22400.0,1.0,22300.0,1.0,22200.0,1.0,22100.0,1,22000.0,1.0,21900.0,1.0,21800.0,1.0,21700.0,1.0,21600.0,1.0,21500.0,1.0,22500.0,1.0,22600.0,1.0,22700.0,1.0,22800.0,1.0,22900.0,1.0,23000.0,1.0,23100.0,1.0,23200.0,1.0,23300.0,1.0,23400.0,1.0
000629.SZ,2020-08-04,09:32:11,22400.0,0.0,0.0,22400.0,1.0,22300.0,1.0,22200.0,1.0,22100.0,1,22000.0,1.0,21900.0,1.0,21800.0,1.0,21700.0,1.0,21600.0,1.0,21500.0,1.0,22500.0,1.0,22600.0,1.0,22700.0,1.0,22800.0,1.0,22900.0,1.0,23000.0,1.0,23100.0,1.0,23200.0,1.0,23300.0,1.0,23400.0,1.0
000629.SZ,2020-08-04,09:32:12,22400.0,0.0,0.0,22400.0,1.0,22300.0,1.0,22200.0,1.0,22100.0,1,22000.0,1.0,21900.0,1.0,21800.0,1.0,21700.0,1.0,21600.0,1.0,21500.0,1.0,22500.0,1.0,22600.0,1.0,22700.0,1.0,22800.0,1.0,22900.0,1.0,23000.0,1.0,23100.0,1.0,23200.0,1.0,23300.0,1.0,23400.0,1.0
000629.SZ,2020-08-04,09:32:13,22400.0,0.2040816326530612,4571.428571428572,22400.0,1.0,22300.0,1.0,22200.0,1.0,22100.0,1,22000.0,1.0,21900.0,1.0,21800.0,1.0,21700.0,1.0,21600.0,1.0,21500.0,1.0,22500.0,1.0,22600.0,1.0,22700.0,1.0,22800.0,1.0,22900.0,1.0,23000.0,1.0,23100.0,1.0,23200.0,1.0,23300.0,1.0,23400.0,1.0
000629.SZ,2020-08-04,09:32:14,22400.0,0.0639455782312925,1432.3809523809523,22400.0,1.0,22300.0,1.0,22200.0,1.0,22100.0,1,22000.0,1.0,21900.0,1.0,21800.0,1.0,21700.0,1.0,21600.0,1.0,21500.0,1.0,22500.0,1.0,22600.0,1.0,22700.0,1.0,22800.0,1.0,22900.0,1.0,23000.0,1.0,23100.0,1.0,23200.0,1.0,23300.0,1.0,23400.0,1.0
000629.SZ,2020-08-04,09:32:15,22400.0,0.0,0.0,22400.0,1.0,22300.0,1.0,22200.0,1.0,22100.0,1,22000.0,1.0,21900.0,1.0,21800.0,1.0,21700.0,1.0,21600.0,1.0,21500.0,1.0,22500.0,1.0,22600.0,1.0,22700.0,1.0,22800.0,1.0,22900.0,1.0,23000.0,1.0,23100.0,1.0,23200.0,1.0,23300.0,1.0,23400.0,1.0
000629.SZ,2020-08-04,09:32:16,22400.0,0.2312925170068027,5204.081632653061,22400.0,1.0,22300.0,1.0,22200.0,1.0,22100.0,1,22000.0,1.0,21900.0,1.0,21800.0,1.0,21700.0,1.0,21600.0,1.0,21500.0,1.0,22500.0,1.0,22600.0,1.0,22700.0,1.0,22800.0,1.0,22900.0,1.0,23000.0,1.0,23100.0,1.0,23200.0,1.0,23300.0,1.0,23400.0,1.0
000629.SZ,2020-08-04,09:32:17,22500.0,0.0,0.0,22400.0,1.0,22300.0,1.0,22200.0,1.0,22100.0,1,22000.0,1.0,21900.0,1.0,21800.0,1.0,21700.0,1.0,21600.0,1.0,21500.0,1.0,22500.0,1.0,22600.0,1.0,22700.0,1.0,22800.0,1.0,22900.0,1.0,23000.0,1.0,23100.0,1.0,23200.0,1.0,23300.0,1.0,23400.0,1.0
000629.SZ,2020-08-04,09:32:18,22500.0,0.0,0.0,22400.0,1.0,22300.0,1.0,22200.0,1.0,22100.0,1,22000.0,1.0,21900.0,1.0,21800.0,1.0,21700.0,1.0,21600.0,1.0,21500.0,1.0,22500.0,1.0,22600.0,1.0,22700.0,1.0,22800.0,1.0,22900.0,1.0,23000.0,1.0,23100.0,1.0,23200.0,1.0,23300.0,1.0,23400.0,1.0
000629.SZ,2020-08-04,09:32:19,22500.0,0.0136054421768707,304.7619047619048,22400.0,1.0,22300.0,1.0,22200.0,1.0,22100.0,1,22000.0,1.0,21900.0,1.0,21800.0,1.0,21700.0,1.0,21600.0,1.0,21500.0,1.0,22500.0,1.0,22600.0,1.0,22700.0,1.0,22800.0,1.0,22900.0,1.0,23000.0,1.0,23100.0,1.0,23200.0,1.0,23300.0,1.0,23400.0,1.0
000629.SZ,2020-08-04,09:32:20,22400.0,0.0680272108843537,1530.6122448979593,22400.0,1.0,22300.0,1.0,22200.0,1.0,22100.0,1,22000.0,1.0,21900.0,1.0,21800.0,1.0,21700.0,1.0,21600.0,1.0,21500.0,1.0,22500.0,1.0,22600.0,1.0,22700.0,1.0,22800.0,1.0,22900.0,1.0,23000.0,1.0,23100.0,1.0,23200.0,1.0,23300.0,1.0,23400.0,1.0
000629.SZ,2020-08-04,09:32:21,22500.0,0.0095238095238095,213.33333333333331,22400.0,1.0,22300.0,1.0,22200.0,1.0,22100.0,1,22000.0,1.0,21900.0,1.0,21800.0,1.0,21700.0,1.0,21600.0,1.0,21500.0,1.0,22500.0,1.0,22600.0,1.0,22700.0,1.0,22800.0,1.0,22900.0,1.0,23000.0,1.0,23100.0,1.0,23200.0,1.0,23300.0,1.0,23400.0,1.0
000629.SZ,2020-08-04,09:32:22,22400.0,0.0,0.0,22400.0,1.0,22300.0,1.0,22200.0,1.0,22100.0,1,22000.0,1.0,21900.0,1.0,21800.0,1.0,21700.0,1.0,21600.0,1.0,21500.0,1.0,22500.0,1.0,22600.0,1.0,22700.0,1.0,22800.0,1.0,22900.0,1.0,23000.0,1.0,23100.0,1.0,23200.0,1.0,23300.0,1.0,23400.0,1.0
000629.SZ,2020-08-04,09:32:23,22400.0,0.0,0.0,22400.0,1.0,22300.0,1.0,22200.0,1.0,22100.0,1,22000.0,1.0,21900.0,1.0,21800.0,1.0,21700.0,1.0,21600.0,1.0,21500.0,1.0,22500.0,1.0,22600.0,1.0,22700.0,1.0,22800.0,1.0,22900.0,1.0,23000.0,1.0,23100.0,1.0,23200.0,1.0,23300.0,1.0,23400.0,1.0
000629.SZ,2020-08-04,09:32:24,22400.0,0.0122448979591836,274.2857142857143,22400.0,1.0,22300.0,1.0,22200.0,1.0,22100.0,1,22000.0,1.0,21900.0,1.0,21800.0,1.0,21700.0,1.0,21600.0,1.0,21500.0,1.0,22500.0,1.0,22600.0,1.0,22700.0,1.0,22800.0,1.0,22900.0,1.0,23000.0,1.0,23100.0,1.0,23200.0,1.0,23300.0,1.0,23400.0,1.0
000629.SZ,2020-08-04,09:32:25,22400.0,0.001360544217687,30.476190476190474,22400.0,1.0,22300.0,1.0,22200.0,1.0,22100.0,1,22000.0,1.0,21900.0,1.0,21800.0,1.0,21700.0,1.0,21600.0,1.0,21500.0,1.0,22500.0,1.0,22600.0,1.0,22700.0,1.0,22800.0,1.0,22900.0,1.0,23000.0,1.0,23100.0,1.0,23200.0,1.0,23300.0,1.0,23400.0,1.0
000629.SZ,2020-08-04,09:32:26,22400.0,0.0,0.0,22400.0,1.0,22300.0,1.0,22200.0,1.0,22100.0,1,22000.0,1.0,21900.0,1.0,21800.0,1.0,21700.0,1.0,21600.0,1.0,21500.0,1.0,22500.0,1.0,22600.0,1.0,22700.0,1.0,22800.0,1.0,22900.0,1.0,23000.0,1.0,23100.0,1.0,23200.0,1.0,23300.0,1.0,23400.0,1.0
000629.SZ,2020-08-04,09:32:27,22400.0,0.0,0.0,22400.0,1.0,22300.0,1.0,22200.0,1.0,22100.0,1,22000.0,1.0,21900.0,1.0,21800.0,1.0,21700.0,1.0,21600.0,1.0,21500.0,1.0,22500.0,1.0,22600.0,1.0,22700.0,1.0,22800.0,1.0,22900.0,1.0,23000.0,1.0,23100.0,1.0,23200.0,1.0,23300.0,1.0,23400.0,1.0
000629.SZ,2020-08-04,09:32:28,22400.0,0.0040816326530612,91.42857142857144,22400.0,1.0,22300.0,1.0,22200.0,1.0,22100.0,1,22000.0,1.0,21900.0,1.0,21800.0,1.0,21700.0,1.0,21600.0,1.0,21500.0,1.0,22500.0,1.0,22600.0,1.0,22700.0,1.0,22800.0,1.0,22900.0,1.0,23000.0,1.0,23100.0,1.0,23200.0,1.0,23300.0,1.0,23400.0,1.0
000629.SZ,2020-08-04,09:32:29,22400.0,0.0380952380952381,853.3333333333334,22400.0,1.0,22300.0,1.0,22200.0,1.0,22100.0,1,22000.0,1.0,21900.0,1.0,21800.0,1.0,21700.0,1.0,21600.0,1.0,21500.0,1.0,22500.0,1.0,22600.0,1.0,22700.0,1.0,22800.0,1.0,22900.0,1.0,23000.0,1.0,23100.0,1.0,23200.0,1.0,23300.0,1.0,23400.0,1.0
000629.SZ,2020-08-04,09:32:30,22400.0,0.05578231292517,1249.6353741496598,22400.0,1.0,22300.0,1.0,22200.0,1.0,22100.0,1,22000.0,1.0,21900.0,1.0,21800.0,1.0,21700.0,1.0,21600.0,1.0,21500.0,1.0,22500.0,1.0,22600.0,1.0,22700.0,1.0,22800.0,1.0,22900.0,1.0,23000.0,1.0,23100.0,1.0,23200.0,1.0,23300.0,1.0,23400.0,1.0
000629.SZ,2020-08-04,09:32:31,22500.0,0.0108843537414965,244.756462585034,22400.0,1.0,22300.0,1.0,22200.0,1.0,22100.0,1,22000.0,1.0,21900.0,1.0,21800.0,1.0,21700.0,1.0,21600.0,1.0,21500.0,1.0,22500.0,1.0,22600.0,1.0,22700.0,1.0,22800.0,1.0,22900.0,1.0,23000.0,1.0,23100.0,1.0,23200.0,1.0,23300.0,1.0,23400.0,1.0
000629.SZ,2020-08-04,09:32:32,22500.0,0.0,0.0,22400.0,1.0,22300.0,1.0,22200.0,1.0,22100.0,1,22000.0,1.0,21900.0,1.0,21800.0,1.0,21700.0,1.0,21600.0,1.0,21500.0,1.0,22500.0,1.0,22600.0,1.0,22700.0,1.0,22800.0,1.0,22900.0,1.0,23000.0,1.0,23100.0,1.0,23200.0,1.0,23300.0,1.0,23400.0,1.0
000629.SZ,2020-08-04,09:32:33,22500.0,0.0054421768707482,122.44897959183672,22400.0,1.0,22300.0,1.0,22200.0,1.0,22100.0,1,22000.0,1.0,21900.0,1.0,21800.0,1.0,21700.0,1.0,21600.0,1.0,21500.0,1.0,22500.0,1.0,22600.0,1.0,22700.0,1.0,22800.0,1.0,22900.0,1.0,23000.0,1.0,23100.0,1.0,23200.0,1.0,23300.0,1.0,23400.0,1.0
000629.SZ,2020-08-04,09:32:34,22500.0,0.0,0.0,22400.0,1.0,22300.0,1.0,22200.0,1.0,22100.0,1,22000.0,1.0,21900.0,1.0,21800.0,1.0,21700.0,1.0,21600.0,1.0,21500.0,1.0,22500.0,1.0,22600.0,1.0,22700.0,1.0,22800.0,1.0,22900.0,1.0,23000.0,1.0,23100.0,1.0,23200.0,1.0,23300.0,1.0,23400.0,1.0
000629.SZ,2020-08-04,09:32:35,22500.0,0.0,0.0,22400.0,1.0,22300.0,1.0,22200.0,1.0,22100.0,1,22000.0,1.0,21900.0,1.0,21800.0,1.0,21700.0,1.0,21600.0,1.0,21500.0,1.0,22500.0,1.0,22600.0,1.0,22700.0,1.0,22800.0,1.0,22900.0,1.0,23000.0,1.0,23100.0,1.0,23200.0,1.0,23300.0,1.0,23400.0,1.0
000629.SZ,2020-08-04,09:32:36,22500.0,0.0,0.0,22400.0,1.0,22300.0,1.0,22200.0,1.0,22100.0,1,22000.0,1.0,21900.0,1.0,21800.0,1.0,21700.0,1.0,21600.0,1.0,21500.0,1.0,22500.0,1.0,22600.0,1.0,22700.0,1.0,22800.0,1.0,22900.0,1.0,23000.0,1.0,23100.0,1.0,23200.0,1.0,23300.0,1.0,23400.0,1.0
000629.SZ,2020-08-04,09:32:37,22500.0,0.0,0.0,22400.0,1.0,22300.0,1.0,22200.0,1.0,22100.0,1,22000.0,1.0,21900.0,1.0,21800.0,1.0,21700.0,1.0,21600.0,1.0,21500.0,1.0,22500.0,1.0,22600.0,1.0,22700.0,1.0,22800.0,1.0,22900.0,1.0,23000.0,1.0,23100.0,1.0,23200.0,1.0,23300.0,1.0,23400.0,1.0
000629.SZ,2020-08-04,09:32:38,22500.0,0.0,0.0,22400.0,1.0,22300.0,1.0,22200.0,1.0,22100.0,1,22000.0,1.0,21900.0,1.0,21800.0,1.0,21700.0,1.0,21600.0,1.0,21500.0,1.0,22500.0,1.0,22600.0,1.0,22700.0,1.0,22800.0,1.0,22900.0,1.0,23000.0,1.0,23100.0,1.0,23200.0,1.0,23300.0,1.0,23400.0,1.0
000629.SZ,2020-08-04,09:32:39,22500.0,0.0,0.0,22400.0,1.0,22300.0,1.0,22200.0,1.0,22100.0,1,22000.0,1.0,21900.0,1.0,21800.0,1.0,21700.0,1.0,21600.0,1.0,21500.0,1.0,22500.0,1.0,22600.0,1.0,22700.0,1.0,22800.0,1.0,22900.0,1.0,23000.0,1.0,23100.0,1.0,23200.0,1.0,23300.0,1.0,23400.0,1.0
000629.SZ,2020-08-04,09:32:40,22500.0,0.0,0.0,22400.0,1.0,22300.0,1.0,22200.0,1.0,22100.0,1,22000.0,1.0,21900.0,1.0,21800.0,1.0,21700.0,1.0,21600.0,1.0,21500.0,1.0,22500.0,1.0,22600.0,1.0,22700.0,1.0,22800.0,1.0,22900.0,1.0,23000.0,1.0,23100.0,1.0,23200.0,1.0,23300.0,1.0,23400.0,1.0
000629.SZ,2020-08-04,09:32:41,22500.0,0.0,0.0,22400.0,1.0,22300.0,1.0,22200.0,1.0,22100.0,1,22000.0,1.0,21900.0,1.0,21800.0,1.0,21700.0,1.0,21600.0,1.0,21500.0,1.0,22500.0,1.0,22600.0,1.0,22700.0,1.0,22800.0,1.0,22900.0,1.0,23000.0,1.0,23100.0,1.0,23200.0,1.0,23300.0,1.0,23400.0,1.0
000629.SZ,2020-08-04,09:32:42,22500.0,0.0,0.0,22400.0,1.0,22300.0,1.0,22200.0,1.0,22100.0,1,22000.0,1.0,21900.0,1.0,21800.0,1.0,21700.0,1.0,21600.0,1.0,21500.0,1.0,22500.0,1.0,22600.0,1.0,22700.0,1.0,22800.0,1.0,22900.0,1.0,23000.0,1.0,23100.0,1.0,23200.0,1.0,23300.0,1.0,23400.0,1.0
000629.SZ,2020-08-04,09:32:43,22500.0,0.0,0.0,22400.0,1.0,22300.0,1.0,22200.0,1.0,22100.0,1,22000.0,1.0,21900.0,1.0,21800.0,1.0,21700.0,1.0,21600.0,1.0,21500.0,1.0,22500.0,1.0,22600.0,1.0,22700.0,1.0,22800.0,1.0,22900.0,1.0,23000.0,1.0,23100.0,1.0,23200.0,1.0,23300.0,1.0,23400.0,1.0
000629.SZ,2020-08-04,09:32:44,22500.0,0.0,0.0,22400.0,1.0,22300.0,1.0,22200.0,1.0,22100.0,1,22000.0,1.0,21900.0,1.0,21800.0,1.0,21700.0,1.0,21600.0,1.0,21500.0,1.0,22500.0,1.0,22600.0,1.0,22700.0,1.0,22800.0,1.0,22900.0,1.0,23000.0,1.0,23100.0,1.0,23200.0,1.0,23300.0,1.0,23400.0,1.0
000629.SZ,2020-08-04,09:32:45,22500.0,0.0,0.0,22400.0,1.0,22300.0,1.0,22200.0,1.0,22100.0,1,22000.0,1.0,21900.0,1.0,21800.0,1.0,21700.0,1.0,21600.0,1.0,21500.0,1.0,22500.0,1.0,22600.0,1.0,22700.0,1.0,22800.0,1.0,22900.0,1.0,23000.0,1.0,23100.0,1.0,23200.0,1.0,23300.0,1.0,23400.0,1.0
000629.SZ,2020-08-04,09:32:46,22500.0,0.0136054421768707,304.7619047619048,22400.0,1.0,22300.0,1.0,22200.0,1.0,22100.0,1,22000.0,1.0,21900.0,1.0,21800.0,1.0,21700.0,1.0,21600.0,1.0,21500.0,1.0,22500.0,1.0,22600.0,1.0,22700.0,1.0,22800.0,1.0,22900.0,1.0,23000.0,1.0,23100.0,1.0,23200.0,1.0,23300.0,1.0,23400.0,1.0
000629.SZ,2020-08-04,09:32:47,22400.0,0.0,0.0,22400.0,1.0,22300.0,1.0,22200.0,1.0,22100.0,1,22000.0,1.0,21900.0,1.0,21800.0,1.0,21700.0,1.0,21600.0,1.0,21500.0,1.0,22500.0,1.0,22600.0,1.0,22700.0,1.0,22800.0,1.0,22900.0,1.0,23000.0,1.0,23100.0,1.0,23200.0,1.0,23300.0,1.0,23400.0,1.0
000629.SZ,2020-08-04,09:32:48,22400.0,0.0040816326530612,91.42857142857144,22400.0,1.0,22300.0,1.0,22200.0,1.0,22100.0,1,22000.0,1.0,21900.0,1.0,21800.0,1.0,21700.0,1.0,21600.0,1.0,21500.0,1.0,22500.0,1.0,22600.0,1.0,22700.0,1.0,22800.0,1.0,22900.0,1.0,23000.0,1.0,23100.0,1.0,23200.0,1.0,23300.0,1.0,23400.0,1.0
000629.SZ,2020-08-04,09:32:49,22400.0,0.6802721088435374,15238.095238095237,22400.0,1.0,22300.0,1.0,22200.0,1.0,22100.0,1,22000.0,1.0,21900.0,1.0,21800.0,1.0,21700.0,1.0,21600.0,1.0,21500.0,1.0,22500.0,1.0,22600.0,1.0,22700.0,1.0,22800.0,1.0,22900.0,1.0,23000.0,1.0,23100.0,1.0,23200.0,1.0,23300.0,1.0,23400.0,1.0
000629.SZ,2020-08-04,09:32:50,22400.0,0.0,0.0,22400.0,1.0,22300.0,1.0,22200.0,1.0,22100.0,1,22000.0,1.0,21900.0,1.0,21800.0,1.0,21700.0,1.0,21600.0,1.0,21500.0,1.0,22500.0,1.0,22600.0,1.0,22700.0,1.0,22800.0,1.0,22900.0,1.0,23000.0,1.0,23100.0,1.0,23200.0,1.0,23300.0,1.0,23400.0,1.0
000629.SZ,2020-08-04,09:32:51,22400.0,0.0136054421768707,304.7619047619048,22400.0,1.0,22300.0,1.0,22200.0,1.0,22100.0,1,22000.0,1.0,21900.0,1.0,21800.0,1.0,21700.0,1.0,21600.0,1.0,21500.0,1.0,22500.0,1.0,22600.0,1.0,22700.0,1.0,22800.0,1.0,22900.0,1.0,23000.0,1.0,23100.0,1.0,23200.0,1.0,23300.0,1.0,23400.0,1.0
000629.SZ,2020-08-04,09:32:52,22400.0,0.0,0.0,22400.0,1.0,22300.0,1.0,22200.0,1.0,22100.0,1,22000.0,1.0,21900.0,1.0,21800.0,1.0,21700.0,1.0,21600.0,1.0,21500.0,1.0,22500.0,1.0,22600.0,1.0,22700.0,1.0,22800.0,1.0,22900.0,1.0,23000.0,1.0,23100.0,1.0,23200.0,1.0,23300.0,1.0,23400.0,1.0
000629.SZ,2020-08-04,09:32:53,22400.0,0.0,0.0,22400.0,1.0,22300.0,1.0,22200.0,1.0,22100.0,1,22000.0,1.0,21900.0,1.0,21800.0,1.0,21700.0,1.0,21600.0,1.0,21500.0,1.0,22500.0,1.0,22600.0,1.0,22700.0,1.0,22800.0,1.0,22900.0,1.0,23000.0,1.0,23100.0,1.0,23200.0,1.0,23300.0,1.0,23400.0,1.0
000629.SZ,2020-08-04,09:32:54,22400.0,0.0,0.0,22400.0,1.0,22300.0,1.0,22200.0,1.0,22100.0,1,22000.0,1.0,21900.0,1.0,21800.0,1.0,21700.0,1.0,21600.0,1.0,21500.0,1.0,22500.0,1.0,22600.0,1.0,22700.0,1.0,22800.0,1.0,22900.0,1.0,23000.0,1.0,23100.0,1.0,23200.0,1.0,23300.0,1.0,23400.0,1.0
000629.SZ,2020-08-04,09:32:55,22400.0,0.0,0.0,22400.0,1.0,22300.0,1.0,22200.0,1.0,22100.0,1,22000.0,1.0,21900.0,1.0,21800.0,1.0,21700.0,1.0,21600.0,1.0,21500.0,1.0,22500.0,1.0,22600.0,1.0,22700.0,1.0,22800.0,1.0,22900.0,1.0,23000.0,1.0,23100.0,1.0,23200.0,1.0,23300.0,1.0,23400.0,1.0
000629.SZ,2020-08-04,09:32:56,22400.0,0.0,0.0,22400.0,1.0,22300.0,1.0,22200.0,1.0,22100.0,1,22000.0,1.0,21900.0,1.0,21800.0,1.0,21700.0,1.0,21600.0,1.0,21500.0,1.0,22500.0,1.0,22600.0,1.0,22700.0,1.0,22800.0,1.0,22900.0,1.0,23000.0,1.0,23100.0,1.0,23200.0,1.0,23300.0,1.0,23400.0,1.0
000629.SZ,2020-08-04,09:32:57,22400.0,0.0,0.0,22400.0,1.0,22300.0,1.0,22200.0,1.0,22100.0,1,22000.0,1.0,21900.0,1.0,21800.0,1.0,21700.0,1.0,21600.0,1.0,21500.0,1.0,22500.0,1.0,22600.0,1.0,22700.0,1.0,22800.0,1.0,22900.0,1.0,23000.0,1.0,23100.0,1.0,23200.0,1.0,23300.0,1.0,23400.0,1.0
000629.SZ,2020-08-04,09:32:58,22400.0,0.0,0.0,22400.0,1.0,22300.0,1.0,22200.0,1.0,22100.0,1,22000.0,1.0,21900.0,1.0,21800.0,1.0,21700.0,1.0,21600.0,1.0,21500.0,1.0,22500.0,1.0,22600.0,1.0,22700.0,1.0,22800.0,1.0,22900.0,1.0,23000.0,1.0,23100.0,1.0,23200.0,1.0,23300.0,1.0,23400.0,1.0
000629.SZ,2020-08-04,09:32:59,22400.0,0.0,0.0,22400.0,1.0,22300.0,1.0,22200.0,1.0,22100.0,1,22000.0,1.0,21900.0,1.0,21800.0,1.0,21700.0,1.0,21600.0,1.0,21500.0,1.0,22500.0,1.0,22600.0,1.0,22700.0,1.0,22800.0,1.0,22900.0,1.0,23000.0,1.0,23100.0,1.0,23200.0,1.0,23300.0,1.0,23400.0,1.0
000629.SZ,2020-08-04,09:33:00,22400.0,0.0068027210884353,152.38095238095238,22400.0,1.0,22300.0,1.0,22200.0,1.0,22100.0,1,22000.0,1.0,21900.0,1.0,21800.0,1.0,21700.0,1.0,21600.0,1.0,21500.0,1.0,22500.0,1.0,22600.0,1.0,22700.0,1.0,22800.0,1.0,22900.0,1.0,23000.0,1.0,23100.0,1.0,23200.0,1.0,23300.0,1.0,23400.0,1.0
000629.SZ,2020-08-04,09:33:01,22400.0,0.001360544217687,30.612244897959183,22400.0,1.0,22300.0,1.0,22200.0,1.0,22100.0,1,22000.0,1.0,21900.0,1.0,21800.0,1.0,21700.0,1.0,21600.0,1.0,21500.0,1.0,22500.0,1.0,22600.0,1.0,22700.0,1.0,22800.0,1.0,22900.0,1.0,23000.0,1.0,23100.0,1.0,23200.0,1.0,23300.0,1.0,23400.0,1.0
000629.SZ,2020-08-04,09:33:02,22500.0,0.0,0.0,22400.0,1.0,22300.0,1.0,22200.0,1.0,22100.0,1,22000.0,1.0,21900.0,1.0,21800.0,1.0,21700.0,1.0,21600.0,1.0,21500.0,1.0,22500.0,1.0,22600.0,1.0,22700.0,1.0,22800.0,1.0,22900.0,1.0,23000.0,1.0,23100.0,1.0,23200.0,1.0,23300.0,1.0,23400.0,1.0
000629.SZ,2020-08-04,09:33:03,22500.0,0.0,0.0,22400.0,1.0,22300.0,1.0,22200.0,1.0,22100.0,1,22000.0,1.0,21900.0,1.0,21800.0,1.0,21700.0,1.0,21600.0,1.0,21500.0,1.0,22500.0,1.0,22600.0,1.0,22700.0,1.0,22800.0,1.0,22900.0,1.0,23000.0,1.0,23100.0,1.0,23200.0,1.0,23300.0,1.0,23400.0,1.0
000629.SZ,2020-08-04,09:33:04,22500.0,0.0,0.0,22400.0,1.0,22300.0,1.0,22200.0,1.0,22100.0,1,22000.0,1.0,21900.0,1.0,21800.0,1.0,21700.0,1.0,21600.0,1.0,21500.0,1.0,22500.0,1.0,22600.0,1.0,22700.0,1.0,22800.0,1.0,22900.0,1.0,23000.0,1.0,23100.0,1.0,23200.0,1.0,23300.0,1.0,23400.0,1.0
000629.SZ,2020-08-04,09:33:05,22500.0,0.0,0.0,22400.0,1.0,22300.0,1.0,22200.0,1.0,22100.0,1,22000.0,1.0,21900.0,1.0,21800.0,1.0,21700.0,1.0,21600.0,1.0,21500.0,1.0,22500.0,1.0,22600.0,1.0,22700.0,1.0,22800.0,1.0,22900.0,1.0,23000.0,1.0,23100.0,1.0,23200.0,1.0,23300.0,1.0,23400.0,1.0
000629.SZ,2020-08-04,09:33:06,22500.0,0.0136054421768707,304.7619047619048,22400.0,1.0,22300.0,1.0,22200.0,1.0,22100.0,1,22000.0,1.0,21900.0,1.0,21800.0,1.0,21700.0,1.0,21600.0,1.0,21500.0,1.0,22500.0,1.0,22600.0,1.0,22700.0,1.0,22800.0,1.0,22900.0,1.0,23000.0,1.0,23100.0,1.0,23200.0,1.0,23300.0,1.0,23400.0,1.0
000629.SZ,2020-08-04,09:33:07,22400.0,0.0,0.0,22400.0,1.0,22300.0,1.0,22200.0,1.0,22100.0,1,22000.0,1.0,21900.0,1.0,21800.0,1.0,21700.0,1.0,21600.0,1.0,21500.0,1.0,22500.0,1.0,22600.0,1.0,22700.0,1.0,22800.0,1.0,22900.0,1.0,23000.0,1.0,23100.0,1.0,23200.0,1.0,23300.0,1.0,23400.0,1.0
000629.SZ,2020-08-04,09:33:08,22400.0,0.0,0.0,22400.0,1.0,22300.0,1.0,22200.0,1.0,22100.0,1,22000.0,1.0,21900.0,1.0,21800.0,1.0,21700.0,1.0,21600.0,1.0,21500.0,1.0,22500.0,1.0,22600.0,1.0,22700.0,1.0,22800.0,1.0,22900.0,1.0,23000.0,1.0,23100.0,1.0,23200.0,1.0,23300.0,1.0,23400.0,1.0
000629.SZ,2020-08-04,09:33:09,22400.0,0.0258503401360544,580.934693877551,22400.0,1.0,22300.0,1.0,22200.0,1.0,22100.0,1,22000.0,1.0,21900.0,1.0,21800.0,1.0,21700.0,1.0,21600.0,1.0,21500.0,1.0,22500.0,1.0,22600.0,1.0,22700.0,1.0,22800.0,1.0,22900.0,1.0,23000.0,1.0,23100.0,1.0,23200.0,1.0,23300.0,1.0,23400.0,1.0
000629.SZ,2020-08-04,09:33:10,22400.0,0.0,0.0,22400.0,1.0,22300.0,1.0,22200.0,1.0,22100.0,1,22000.0,1.0,21900.0,1.0,21800.0,1.0,21700.0,1.0,21600.0,1.0,21500.0,1.0,22500.0,1.0,22600.0,1.0,22700.0,1.0,22800.0,1.0,22900.0,1.0,23000.0,1.0,23100.0,1.0,23200.0,1.0,23300.0,1.0,23400.0,1.0
000629.SZ,2020-08-04,09:33:11,22400.0,0.0,0.0,22400.0,1.0,22300.0,1.0,22200.0,1.0,22100.0,1,22000.0,1.0,21900.0,1.0,21800.0,1.0,21700.0,1.0,21600.0,1.0,21500.0,1.0,22500.0,1.0,22600.0,1.0,22700.0,1.0,22800.0,1.0,22900.0,1.0,23000.0,1.0,23100.0,1.0,23200.0,1.0,23300.0,1.0,23400.0,1.0
000629.SZ,2020-08-04,09:33:12,22400.0,0.0027210884353741,61.224489795918366,22400.0,1.0,22300.0,1.0,22200.0,1.0,22100.0,1,22000.0,1.0,21900.0,1.0,21800.0,1.0,21700.0,1.0,21600.0,1.0,21500.0,1.0,22500.0,1.0,22600.0,1.0,22700.0,1.0,22800.0,1.0,22900.0,1.0,23000.0,1.0,23100.0,1.0,23200.0,1.0,23300.0,1.0,23400.0,1.0
000629.SZ,2020-08-04,09:33:13,22500.0,0.1428571428571428,3214.285714285714,22400.0,1.0,22300.0,1.0,22200.0,1.0,22100.0,1,22000.0,1.0,21900.0,1.0,21800.0,1.0,21700.0,1.0,21600.0,1.0,21500.0,1.0,22500.0,1.0,22600.0,1.0,22700.0,1.0,22800.0,1.0,22900.0,1.0,23000.0,1.0,23100.0,1.0,23200.0,1.0,23300.0,1.0,23400.0,1.0
000629.SZ,2020-08-04,09:33:14,22500.0,0.0040816326530612,91.83673469387756,22400.0,1.0,22300.0,1.0,22200.0,1.0,22100.0,1,22000.0,1.0,21900.0,1.0,21800.0,1.0,21700.0,1.0,21600.0,1.0,21500.0,1.0,22500.0,1.0,22600.0,1.0,22700.0,1.0,22800.0,1.0,22900.0,1.0,23000.0,1.0,23100.0,1.0,23200.0,1.0,23300.0,1.0,23400.0,1.0
000629.SZ,2020-08-04,09:33:15,22500.0,0.2585034013605442,5816.326530612245,22400.0,1.0,22300.0,1.0,22200.0,1.0,22100.0,1,22000.0,1.0,21900.0,1.0,21800.0,1.0,21700.0,1.0,21600.0,1.0,21500.0,1.0,22500.0,1.0,22600.0,1.0,22700.0,1.0,22800.0,1.0,22900.0,1.0,23000.0,1.0,23100.0,1.0,23200.0,1.0,23300.0,1.0,23400.0,1.0
000629.SZ,2020-08-04,09:33:16,22500.0,0.0761904761904762,1706.7428571428572,22400.0,1.0,22300.0,1.0,22200.0,1.0,22100.0,1,22000.0,1.0,21900.0,1.0,21800.0,1.0,21700.0,1.0,21600.0,1.0,21500.0,1.0,22500.0,1.0,22600.0,1.0,22700.0,1.0,22800.0,1.0,22900.0,1.0,23000.0,1.0,23100.0,1.0,23200.0,1.0,23300.0,1.0,23400.0,1.0
000629.SZ,2020-08-04,09:33:17,22400.0,0.0204081632653061,459.1836734693877,22400.0,1.0,22300.0,1.0,22200.0,1.0,22100.0,1,22000.0,1.0,21900.0,1.0,21800.0,1.0,21700.0,1.0,21600.0,1.0,21500.0,1.0,22500.0,1.0,22600.0,1.0,22700.0,1.0,22800.0,1.0,22900.0,1.0,23000.0,1.0,23100.0,1.0,23200.0,1.0,23300.0,1.0,23400.0,1.0
000629.SZ,2020-08-04,09:33:18,22500.0,0.0,0.0,22400.0,1.0,22300.0,1.0,22200.0,1.0,22100.0,1,22000.0,1.0,21900.0,1.0,21800.0,1.0,21700.0,1.0,21600.0,1.0,21500.0,1.0,22500.0,1.0,22600.0,1.0,22700.0,1.0,22800.0,1.0,22900.0,1.0,23000.0,1.0,23100.0,1.0,23200.0,1.0,23300.0,1.0,23400.0,1.0
000629.SZ,2020-08-04,09:33:19,22500.0,0.0571428571428571,1285.7142857142858,22400.0,1.0,22300.0,1.0,22200.0,1.0,22100.0,1,22000.0,1.0,21900.0,1.0,21800.0,1.0,21700.0,1.0,21600.0,1.0,21500.0,1.0,22500.0,1.0,22600.0,1.0,22700.0,1.0,22800.0,1.0,22900.0,1.0,23000.0,1.0,23100.0,1.0,23200.0,1.0,23300.0,1.0,23400.0,1.0
000629.SZ,2020-08-04,09:33:20,22500.0,0.0,0.0,22400.0,1.0,22300.0,1.0,22200.0,1.0,22100.0,1,22000.0,1.0,21900.0,1.0,21800.0,1.0,21700.0,1.0,21600.0,1.0,21500.0,1.0,22500.0,1.0,22600.0,1.0,22700.0,1.0,22800.0,1.0,22900.0,1.0,23000.0,1.0,23100.0,1.0,23200.0,1.0,23300.0,1.0,23400.0,1.0
000629.SZ,2020-08-04,09:33:21,22500.0,0.0136054421768707,304.7619047619048,22400.0,1.0,22300.0,1.0,22200.0,1.0,22100.0,1,22000.0,1.0,21900.0,1.0,21800.0,1.0,21700.0,1.0,21600.0,1.0,21500.0,1.0,22500.0,1.0,22600.0,1.0,22700.0,1.0,22800.0,1.0,22900.0,1.0,23000.0,1.0,23100.0,1.0,23200.0,1.0,23300.0,1.0,23400.0,1.0
000629.SZ,2020-08-04,09:33:22,22400.0,0.0,0.0,22400.0,1.0,22300.0,1.0,22200.0,1.0,22100.0,1,22000.0,1.0,21900.0,1.0,21800.0,1.0,21700.0,1.0,21600.0,1.0,21500.0,1.0,22500.0,1.0,22600.0,1.0,22700.0,1.0,22800.0,1.0,22900.0,1.0,23000.0,1.0,23100.0,1.0,23200.0,1.0,23300.0,1.0,23400.0,1.0
000629.SZ,2020-08-04,09:33:23,22400.0,0.0721088435374149,1615.2380952380952,22400.0,1.0,22300.0,1.0,22200.0,1.0,22100.0,1,22000.0,1.0,21900.0,1.0,21800.0,1.0,21700.0,1.0,21600.0,1.0,21500.0,1.0,22500.0,1.0,22600.0,1.0,22700.0,1.0,22800.0,1.0,22900.0,1.0,23000.0,1.0,23100.0,1.0,23200.0,1.0,23300.0,1.0,23400.0,1.0
000629.SZ,2020-08-04,09:33:24,22400.0,0.0,0.0,22400.0,1.0,22300.0,1.0,22200.0,1.0,22100.0,1,22000.0,1.0,21900.0,1.0,21800.0,1.0,21700.0,1.0,21600.0,1.0,21500.0,1.0,22500.0,1.0,22600.0,1.0,22700.0,1.0,22800.0,1.0,22900.0,1.0,23000.0,1.0,23100.0,1.0,23200.0,1.0,23300.0,1.0,23400.0,1.0
000629.SZ,2020-08-04,09:33:25,22400.0,1.0,22400.0,22400.0,1.0,22300.0,1.0,22200.0,1.0,22100.0,1,22000.0,1.0,21900.0,1.0,21800.0,1.0,21700.0,1.0,21600.0,1.0,21500.0,1.0,22500.0,1.0,22600.0,1.0,22700.0,1.0,22800.0,1.0,22900.0,1.0,23000.0,1.0,23100.0,1.0,23200.0,1.0,23300.0,1.0,23400.0,1.0
000629.SZ,2020-08-04,09:33:26,22400.0,0.0,0.0,22400.0,1.0,22300.0,1.0,22200.0,1.0,22100.0,1,22000.0,1.0,21900.0,1.0,21800.0,1.0,21700.0,1.0,21600.0,1.0,21500.0,1.0,22500.0,1.0,22600.0,1.0,22700.0,1.0,22800.0,1.0,22900.0,1.0,23000.0,1.0,23100.0,1.0,23200.0,1.0,23300.0,1.0,23400.0,1.0
000629.SZ,2020-08-04,09:33:27,22400.0,0.0,0.0,22400.0,1.0,22300.0,1.0,22200.0,1.0,22100.0,1,22000.0,1.0,21900.0,1.0,21800.0,1.0,21700.0,1.0,21600.0,1.0,21500.0,1.0,22500.0,1.0,22600.0,1.0,22700.0,1.0,22800.0,1.0,22900.0,1.0,23000.0,1.0,23100.0,1.0,23200.0,1.0,23300.0,1.0,23400.0,1.0
000629.SZ,2020-08-04,09:33:28,22400.0,0.0,0.0,22400.0,1.0,22300.0,1.0,22200.0,1.0,22100.0,1,22000.0,1.0,21900.0,1.0,21800.0,1.0,21700.0,1.0,21600.0,1.0,21500.0,1.0,22500.0,1.0,22600.0,1.0,22700.0,1.0,22800.0,1.0,22900.0,1.0,23000.0,1.0,23100.0,1.0,23200.0,1.0,23300.0,1.0,23400.0,1.0
000629.SZ,2020-08-04,09:33:29,22400.0,0.0,0.0,22400.0,1.0,22300.0,1.0,22200.0,1.0,22100.0,1,22000.0,1.0,21900.0,1.0,21800.0,1.0,21700.0,1.0,21600.0,1.0,21500.0,1.0,22500.0,1.0,22600.0,1.0,22700.0,1.0,22800.0,1.0,22900.0,1.0,23000.0,1.0,23100.0,1.0,23200.0,1.0,23300.0,1.0,23400.0,1.0
000629.SZ,2020-08-04,09:33:30,22400.0,0.001360544217687,30.476190476190474,22400.0,1.0,22300.0,1.0,22200.0,1.0,22100.0,1,22000.0,1.0,21900.0,1.0,21800.0,1.0,21700.0,1.0,21600.0,1.0,21500.0,1.0,22500.0,1.0,22600.0,1.0,22700.0,1.0,22800.0,1.0,22900.0,1.0,23000.0,1.0,23100.0,1.0,23200.0,1.0,23300.0,1.0,23400.0,1.0
000629.SZ,2020-08-04,09:33:31,22400.0,0.0040816326530612,91.42857142857144,22400.0,1.0,22300.0,1.0,22200.0,1.0,22100.0,1,22000.0,1.0,21900.0,1.0,21800.0,1.0,21700.0,1.0,21600.0,1.0,21500.0,1.0,22500.0,1.0,22600.0,1.0,22700.0,1.0,22800.0,1.0,22900.0,1.0,23000.0,1.0,23100.0,1.0,23200.0,1.0,23300.0,1.0,23400.0,1.0
000629.SZ,2020-08-04,09:33:32,22400.0,0.0,0.0,22400.0,1.0,22300.0,1.0,22200.0,1.0,22100.0,1,22000.0,1.0,21900.0,1.0,21800.0,1.0,21700.0,1.0,21600.0,1.0,21500.0,1.0,22500.0,1.0,22600.0,1.0,22700.0,1.0,22800.0,1.0,22900.0,1.0,23000.0,1.0,23100.0,1.0,23200.0,1.0,23300.0,1.0,23400.0,1.0
000629.SZ,2020-08-04,09:33:33,22400.0,0.0054421768707482,122.44897959183672,22400.0,1.0,22300.0,1.0,22200.0,1.0,22100.0,1,22000.0,1.0,21900.0,1.0,21800.0,1.0,21700.0,1.0,21600.0,1.0,21500.0,1.0,22500.0,1.0,22600.0,1.0,22700.0,1.0,22800.0,1.0,22900.0,1.0,23000.0,1.0,23100.0,1.0,23200.0,1.0,23300.0,1.0,23400.0,1.0
000629.SZ,2020-08-04,09:33:34,22500.0,0.0,0.0,22400.0,1.0,22300.0,1.0,22200.0,1.0,22100.0,1,22000.0,1.0,21900.0,1.0,21800.0,1.0,21700.0,1.0,21600.0,1.0,21500.0,1.0,22500.0,1.0,22600.0,1.0,22700.0,1.0,22800.0,1.0,22900.0,1.0,23000.0,1.0,23100.0,1.0,23200.0,1.0,23300.0,1.0,23400.0,1.0
000629.SZ,2020-08-04,09:33:35,22500.0,0.0,0.0,22400.0,1.0,22300.0,1.0,22200.0,1.0,22100.0,1,22000.0,1.0,21900.0,1.0,21800.0,1.0,21700.0,1.0,21600.0,1.0,21500.0,1.0,22500.0,1.0,22600.0,1.0,22700.0,1.0,22800.0,1.0,22900.0,1.0,23000.0,1.0,23100.0,1.0,23200.0,1.0,23300.0,1.0,23400.0,1.0
000629.SZ,2020-08-04,09:33:36,22500.0,0.0544217687074829,1224.4897959183672,22400.0,1.0,22300.0,1.0,22200.0,1.0,22100.0,1,22000.0,1.0,21900.0,1.0,21800.0,1.0,21700.0,1.0,21600.0,1.0,21500.0,1.0,22500.0,1.0,22600.0,1.0,22700.0,1.0,22800.0,1.0,22900.0,1.0,23000.0,1.0,23100.0,1.0,23200.0,1.0,23300.0,1.0,23400.0,1.0
000629.SZ,2020-08-04,09:33:37,22500.0,0.0,0.0,22400.0,1.0,22300.0,1.0,22200.0,1.0,22100.0,1,22000.0,1.0,21900.0,1.0,21800.0,1.0,21700.0,1.0,21600.0,1.0,21500.0,1.0,22500.0,1.0,22600.0,1.0,22700.0,1.0,22800.0,1.0,22900.0,1.0,23000.0,1.0,23100.0,1.0,23200.0,1.0,23300.0,1.0,23400.0,1.0
000629.SZ,2020-08-04,09:33:38,22500.0,0.0,0.0,22400.0,1.0,22300.0,1.0,22200.0,1.0,22100.0,1,22000.0,1.0,21900.0,1.0,21800.0,1.0,21700.0,1.0,21600.0,1.0,21500.0,1.0,22500.0,1.0,22600.0,1.0,22700.0,1.0,22800.0,1.0,22900.0,1.0,23000.0,1.0,23100.0,1.0,23200.0,1.0,23300.0,1.0,23400.0,1.0
000629.SZ,2020-08-04,09:33:39,22500.0,0.0,0.0,22400.0,1.0,22300.0,1.0,22200.0,1.0,22100.0,1,22000.0,1.0,21900.0,1.0,21800.0,1.0,21700.0,1.0,21600.0,1.0,21500.0,1.0,22500.0,1.0,22600.0,1.0,22700.0,1.0,22800.0,1.0,22900.0,1.0,23000.0,1.0,23100.0,1.0,23200.0,1.0,23300.0,1.0,23400.0,1.0
000629.SZ,2020-08-04,09:33:40,22500.0,0.0,0.0,22400.0,1.0,22300.0,1.0,22200.0,1.0,22100.0,1,22000.0,1.0,21900.0,1.0,21800.0,1.0,21700.0,1.0,21600.0,1.0,21500.0,1.0,22500.0,1.0,22600.0,1.0,22700.0,1.0,22800.0,1.0,22900.0,1.0,23000.0,1.0,23100.0,1.0,23200.0,1.0,23300.0,1.0,23400.0,1.0
000629.SZ,2020-08-04,09:33:41,22500.0,0.0,0.0,22400.0,1.0,22300.0,1.0,22200.0,1.0,22100.0,1,22000.0,1.0,21900.0,1.0,21800.0,1.0,21700.0,1.0,21600.0,1.0,21500.0,1.0,22500.0,1.0,22600.0,1.0,22700.0,1.0,22800.0,1.0,22900.0,1.0,23000.0,1.0,23100.0,1.0,23200.0,1.0,23300.0,1.0,23400.0,1.0
000629.SZ,2020-08-04,09:33:42,22500.0,0.0,0.0,22400.0,1.0,22300.0,1.0,22200.0,1.0,22100.0,1,22000.0,1.0,21900.0,1.0,21800.0,1.0,21700.0,1.0,21600.0,1.0,21500.0,1.0,22500.0,1.0,22600.0,1.0,22700.0,1.0,22800.0,1.0,22900.0,1.0,23000.0,1.0,23100.0,1.0,23200.0,1.0,23300.0,1.0,23400.0,1.0
000629.SZ,2020-08-04,09:33:43,22500.0,0.0054421768707482,122.312925170068,22400.0,1.0,22300.0,1.0,22200.0,1.0,22100.0,1,22000.0,1.0,21900.0,1.0,21800.0,1.0,21700.0,1.0,21600.0,1.0,21500.0,1.0,22500.0,1.0,22600.0,1.0,22700.0,1.0,22800.0,1.0,22900.0,1.0,23000.0,1.0,23100.0,1.0,23200.0,1.0,23300.0,1.0,23400.0,1.0
000629.SZ,2020-08-04,09:33:44,22400.0,0.0,0.0,22400.0,1.0,22300.0,1.0,22200.0,1.0,22100.0,1,22000.0,1.0,21900.0,1.0,21800.0,1.0,21700.0,1.0,21600.0,1.0,21500.0,1.0,22500.0,1.0,22600.0,1.0,22700.0,1.0,22800.0,1.0,22900.0,1.0,23000.0,1.0,23100.0,1.0,23200.0,1.0,23300.0,1.0,23400.0,1.0
000629.SZ,2020-08-04,09:33:45,22400.0,0.0,0.0,22400.0,1.0,22300.0,1.0,22200.0,1.0,22100.0,1,22000.0,1.0,21900.0,1.0,21800.0,1.0,21700.0,1.0,21600.0,1.0,21500.0,1.0,22500.0,1.0,22600.0,1.0,22700.0,1.0,22800.0,1.0,22900.0,1.0,23000.0,1.0,23100.0,1.0,23200.0,1.0,23300.0,1.0,23400.0,1.0
000629.SZ,2020-08-04,09:33:46,22400.0,0.0,0.0,22400.0,1.0,22300.0,1.0,22200.0,1.0,22100.0,1,22000.0,1.0,21900.0,1.0,21800.0,1.0,21700.0,1.0,21600.0,1.0,21500.0,1.0,22500.0,1.0,22600.0,1.0,22700.0,1.0,22800.0,1.0,22900.0,1.0,23000.0,1.0,23100.0,1.0,23200.0,1.0,23300.0,1.0,23400.0,1.0
000629.SZ,2020-08-04,09:33:47,22400.0,0.001360544217687,30.476190476190474,22400.0,1.0,22300.0,1.0,22200.0,1.0,22100.0,1,22000.0,1.0,21900.0,1.0,21800.0,1.0,21700.0,1.0,21600.0,1.0,21500.0,1.0,22500.0,1.0,22600.0,1.0,22700.0,1.0,22800.0,1.0,22900.0,1.0,23000.0,1.0,23100.0,1.0,23200.0,1.0,23300.0,1.0,23400.0,1.0
000629.SZ,2020-08-04,09:33:48,22400.0,0.0176870748299319,396.1904761904762,22400.0,1.0,22300.0,1.0,22200.0,1.0,22100.0,1,22000.0,1.0,21900.0,1.0,21800.0,1.0,21700.0,1.0,21600.0,1.0,21500.0,1.0,22500.0,1.0,22600.0,1.0,22700.0,1.0,22800.0,1.0,22900.0,1.0,23000.0,1.0,23100.0,1.0,23200.0,1.0,23300.0,1.0,23400.0,1.0
000629.SZ,2020-08-04,09:33:49,22400.0,0.0,0.0,22400.0,1.0,22300.0,1.0,22200.0,1.0,22100.0,1,22000.0,1.0,21900.0,1.0,21800.0,1.0,21700.0,1.0,21600.0,1.0,21500.0,1.0,22500.0,1.0,22600.0,1.0,22700.0,1.0,22800.0,1.0,22900.0,1.0,23000.0,1.0,23100.0,1.0,23200.0,1.0,23300.0,1.0,23400.0,1.0
000629.SZ,2020-08-04,09:33:50,22400.0,0.0,0.0,22400.0,1.0,22300.0,1.0,22200.0,1.0,22100.0,1,22000.0,1.0,21900.0,1.0,21800.0,1.0,21700.0,1.0,21600.0,1.0,21500.0,1.0,22500.0,1.0,22600.0,1.0,22700.0,1.0,22800.0,1.0,22900.0,1.0,23000.0,1.0,23100.0,1.0,23200.0,1.0,23300.0,1.0,23400.0,1.0
000629.SZ,2020-08-04,09:33:51,22400.0,0.0,0.0,22400.0,1.0,22300.0,1.0,22200.0,1.0,22100.0,1,22000.0,1.0,21900.0,1.0,21800.0,1.0,21700.0,1.0,21600.0,1.0,21500.0,1.0,22500.0,1.0,22600.0,1.0,22700.0,1.0,22800.0,1.0,22900.0,1.0,23000.0,1.0,23100.0,1.0,23200.0,1.0,23300.0,1.0,23400.0,1.0
000629.SZ,2020-08-04,09:33:52,22400.0,1.0,22435.0,22400.0,1.0,22300.0,1.0,22200.0,1.0,22100.0,1,22000.0,1.0,21900.0,1.0,21800.0,1.0,21700.0,1.0,21600.0,1.0,21500.0,1.0,22500.0,1.0,22600.0,1.0,22700.0,1.0,22800.0,1.0,22900.0,1.0,23000.0,1.0,23100.0,1.0,23200.0,1.0,23300.0,1.0,23400.0,1.0
000629.SZ,2020-08-04,09:33:53,22500.0,0.1537414965986394,3443.809523809524,22400.0,1.0,22300.0,1.0,22200.0,1.0,22100.0,1,22000.0,1.0,21900.0,1.0,21800.0,1.0,21700.0,1.0,21600.0,1.0,21500.0,1.0,22500.0,1.0,22600.0,1.0,22700.0,1.0,22800.0,1.0,22900.0,1.0,23000.0,1.0,23100.0,1.0,23200.0,1.0,23300.0,1.0,23400.0,1.0
000629.SZ,2020-08-04,09:33:54,22400.0,0.0272108843537414,609.5238095238095,22400.0,1.0,22300.0,1.0,22200.0,1.0,22100.0,1,22000.0,1.0,21900.0,1.0,21800.0,1.0,21700.0,1.0,21600.0,1.0,21500.0,1.0,22500.0,1.0,22600.0,1.0,22700.0,1.0,22800.0,1.0,22900.0,1.0,23000.0,1.0,23100.0,1.0,23200.0,1.0,23300.0,1.0,23400.0,1.0
000629.SZ,2020-08-04,09:33:55,22400.0,0.0,0.0,22400.0,1.0,22300.0,1.0,22200.0,1.0,22100.0,1,22000.0,1.0,21900.0,1.0,21800.0,1.0,21700.0,1.0,21600.0,1.0,21500.0,1.0,22500.0,1.0,22600.0,1.0,22700.0,1.0,22800.0,1.0,22900.0,1.0,23000.0,1.0,23100.0,1.0,23200.0,1.0,23300.0,1.0,23400.0,1.0
000629.SZ,2020-08-04,09:33:56,22400.0,0.0,0.0,22400.0,1.0,22300.0,1.0,22200.0,1.0,22100.0,1,22000.0,1.0,21900.0,1.0,21800.0,1.0,21700.0,1.0,21600.0,1.0,21500.0,1.0,22500.0,1.0,22600.0,1.0,22700.0,1.0,22800.0,1.0,22900.0,1.0,23000.0,1.0,23100.0,1.0,23200.0,1.0,23300.0,1.0,23400.0,1.0
000629.SZ,2020-08-04,09:33:57,22400.0,0.0,0.0,22400.0,1.0,22300.0,1.0,22200.0,1.0,22100.0,1,22000.0,1.0,21900.0,1.0,21800.0,1.0,21700.0,1.0,21600.0,1.0,21500.0,1.0,22500.0,1.0,22600.0,1.0,22700.0,1.0,22800.0,1.0,22900.0,1.0,23000.0,1.0,23100.0,1.0,23200.0,1.0,23300.0,1.0,23400.0,1.0
000629.SZ,2020-08-04,09:33:58,22400.0,0.0,0.0,22400.0,1.0,22300.0,1.0,22200.0,1.0,22100.0,1,22000.0,1.0,21900.0,1.0,21800.0,1.0,21700.0,1.0,21600.0,1.0,21500.0,1.0,22500.0,1.0,22600.0,1.0,22700.0,1.0,22800.0,1.0,22900.0,1.0,23000.0,1.0,23100.0,1.0,23200.0,1.0,23300.0,1.0,23400.0,1.0
000629.SZ,2020-08-04,09:33:59,22400.0,0.0,0.0,22400.0,1.0,22300.0,1.0,22200.0,1.0,22100.0,1,22000.0,1.0,21900.0,1.0,21800.0,1.0,21700.0,1.0,21600.0,1.0,21500.0,1.0,22500.0,1.0,22600.0,1.0,22700.0,1.0,22800.0,1.0,22900.0,1.0,23000.0,1.0,23100.0,1.0,23200.0,1.0,23300.0,1.0,23400.0,1.0
000629.SZ,2020-08-04,09:34:00,22400.0,0.0,0.0,22400.0,1.0,22300.0,1.0,22200.0,1.0,22100.0,1,22000.0,1.0,21900.0,1.0,21800.0,1.0,21700.0,1.0,21600.0,1.0,21500.0,1.0,22500.0,1.0,22600.0,1.0,22700.0,1.0,22800.0,1.0,22900.0,1.0,23000.0,1.0,23100.0,1.0,23200.0,1.0,23300.0,1.0,23400.0,1.0
000629.SZ,2020-08-04,09:34:01,22400.0,0.0857142857142857,1920.0,22400.0,1.0,22300.0,1.0,22200.0,1.0,22100.0,1,22000.0,1.0,21900.0,1.0,21800.0,1.0,21700.0,1.0,21600.0,1.0,21500.0,1.0,22500.0,1.0,22600.0,1.0,22700.0,1.0,22800.0,1.0,22900.0,1.0,23000.0,1.0,23100.0,1.0,23200.0,1.0,23300.0,1.0,23400.0,1.0
000629.SZ,2020-08-04,09:34:02,22400.0,0.0040816326530612,91.42857142857144,22400.0,1.0,22300.0,1.0,22200.0,1.0,22100.0,1,22000.0,1.0,21900.0,1.0,21800.0,1.0,21700.0,1.0,21600.0,1.0,21500.0,1.0,22500.0,1.0,22600.0,1.0,22700.0,1.0,22800.0,1.0,22900.0,1.0,23000.0,1.0,23100.0,1.0,23200.0,1.0,23300.0,1.0,23400.0,1.0
000629.SZ,2020-08-04,09:34:03,22400.0,0.1727891156462585,3870.476190476191,22400.0,1.0,22300.0,1.0,22200.0,1.0,22100.0,1,22000.0,1.0,21900.0,1.0,21800.0,1.0,21700.0,1.0,21600.0,1.0,21500.0,1.0,22500.0,1.0,22600.0,1.0,22700.0,1.0,22800.0,1.0,22900.0,1.0,23000.0,1.0,23100.0,1.0,23200.0,1.0,23300.0,1.0,23400.0,1.0
000629.SZ,2020-08-04,09:34:04,22400.0,0.0,0.0,22400.0,1.0,22300.0,1.0,22200.0,1.0,22100.0,1,22000.0,1.0,21900.0,1.0,21800.0,1.0,21700.0,1.0,21600.0,1.0,21500.0,1.0,22500.0,1.0,22600.0,1.0,22700.0,1.0,22800.0,1.0,22900.0,1.0,23000.0,1.0,23100.0,1.0,23200.0,1.0,23300.0,1.0,23400.0,1.0
000629.SZ,2020-08-04,09:34:05,22400.0,0.0027210884353741,60.95238095238095,22400.0,1.0,22300.0,1.0,22200.0,1.0,22100.0,1,22000.0,1.0,21900.0,1.0,21800.0,1.0,21700.0,1.0,21600.0,1.0,21500.0,1.0,22500.0,1.0,22600.0,1.0,22700.0,1.0,22800.0,1.0,22900.0,1.0,23000.0,1.0,23100.0,1.0,23200.0,1.0,23300.0,1.0,23400.0,1.0
000629.SZ,2020-08-04,09:34:06,22400.0,0.0,0.0,22400.0,1.0,22300.0,1.0,22200.0,1.0,22100.0,1,22000.0,1.0,21900.0,1.0,21800.0,1.0,21700.0,1.0,21600.0,1.0,21500.0,1.0,22500.0,1.0,22600.0,1.0,22700.0,1.0,22800.0,1.0,22900.0,1.0,23000.0,1.0,23100.0,1.0,23200.0,1.0,23300.0,1.0,23400.0,1.0
000629.SZ,2020-08-04,09:34:07,22400.0,0.0054421768707482,122.44897959183672,22400.0,1.0,22300.0,1.0,22200.0,1.0,22100.0,1,22000.0,1.0,21900.0,1.0,21800.0,1.0,21700.0,1.0,21600.0,1.0,21500.0,1.0,22500.0,1.0,22600.0,1.0,22700.0,1.0,22800.0,1.0,22900.0,1.0,23000.0,1.0,23100.0,1.0,23200.0,1.0,23300.0,1.0,23400.0,1.0
000629.SZ,2020-08-04,09:34:08,22500.0,0.0244897959183673,551.0204081632653,22400.0,1.0,22300.0,1.0,22200.0,1.0,22100.0,1,22000.0,1.0,21900.0,1.0,21800.0,1.0,21700.0,1.0,21600.0,1.0,21500.0,1.0,22500.0,1.0,22600.0,1.0,22700.0,1.0,22800.0,1.0,22900.0,1.0,23000.0,1.0,23100.0,1.0,23200.0,1.0,23300.0,1.0,23400.0,1.0
000629.SZ,2020-08-04,09:34:09,22500.0,0.0571428571428571,1280.0,22400.0,1.0,22300.0,1.0,22200.0,1.0,22100.0,1,22000.0,1.0,21900.0,1.0,21800.0,1.0,21700.0,1.0,21600.0,1.0,21500.0,1.0,22500.0,1.0,22600.0,1.0,22700.0,1.0,22800.0,1.0,22900.0,1.0,23000.0,1.0,23100.0,1.0,23200.0,1.0,23300.0,1.0,23400.0,1.0
000629.SZ,2020-08-04,09:34:10,22400.0,0.0,0.0,22400.0,1.0,22300.0,1.0,22200.0,1.0,22100.0,1,22000.0,1.0,21900.0,1.0,21800.0,1.0,21700.0,1.0,21600.0,1.0,21500.0,1.0,22500.0,1.0,22600.0,1.0,22700.0,1.0,22800.0,1.0,22900.0,1.0,23000.0,1.0,23100.0,1.0,23200.0,1.0,23300.0,1.0,23400.0,1.0
000629.SZ,2020-08-04,09:34:11,22400.0,0.2693877551020408,6034.285714285715,22400.0,1.0,22300.0,1.0,22200.0,1.0,22100.0,1,22000.0,1.0,21900.0,1.0,21800.0,1.0,21700.0,1.0,21600.0,1.0,21500.0,1.0,22500.0,1.0,22600.0,1.0,22700.0,1.0,22800.0,1.0,22900.0,1.0,23000.0,1.0,23100.0,1.0,23200.0,1.0,23300.0,1.0,23400.0,1.0
000629.SZ,2020-08-04,09:34:12,22400.0,0.1129251700680272,2540.8163265306125,22400.0,1.0,22300.0,1.0,22200.0,1.0,22100.0,1,22000.0,1.0,21900.0,1.0,21800.0,1.0,21700.0,1.0,21600.0,1.0,21500.0,1.0,22500.0,1.0,22600.0,1.0,22700.0,1.0,22800.0,1.0,22900.0,1.0,23000.0,1.0,23100.0,1.0,23200.0,1.0,23300.0,1.0,23400.0,1.0
000629.SZ,2020-08-04,09:34:13,22500.0,0.0,0.0,22400.0,1.0,22300.0,1.0,22200.0,1.0,22100.0,1,22000.0,1.0,21900.0,1.0,21800.0,1.0,21700.0,1.0,21600.0,1.0,21500.0,1.0,22500.0,1.0,22600.0,1.0,22700.0,1.0,22800.0,1.0,22900.0,1.0,23000.0,1.0,23100.0,1.0,23200.0,1.0,23300.0,1.0,23400.0,1.0
000629.SZ,2020-08-04,09:34:14,22500.0,0.0,0.0,22400.0,1.0,22300.0,1.0,22200.0,1.0,22100.0,1,22000.0,1.0,21900.0,1.0,21800.0,1.0,21700.0,1.0,21600.0,1.0,21500.0,1.0,22500.0,1.0,22600.0,1.0,22700.0,1.0,22800.0,1.0,22900.0,1.0,23000.0,1.0,23100.0,1.0,23200.0,1.0,23300.0,1.0,23400.0,1.0
000629.SZ,2020-08-04,09:34:15,22500.0,0.6802721088435374,15238.095238095237,22400.0,1.0,22300.0,1.0,22200.0,1.0,22100.0,1,22000.0,1.0,21900.0,1.0,21800.0,1.0,21700.0,1.0,21600.0,1.0,21500.0,1.0,22500.0,1.0,22600.0,1.0,22700.0,1.0,22800.0,1.0,22900.0,1.0,23000.0,1.0,23100.0,1.0,23200.0,1.0,23300.0,1.0,23400.0,1.0
000629.SZ,2020-08-04,09:34:16,22400.0,0.0448979591836734,1006.1183673469388,22400.0,1.0,22300.0,1.0,22200.0,1.0,22100.0,1,22000.0,1.0,21900.0,1.0,21800.0,1.0,21700.0,1.0,21600.0,1.0,21500.0,1.0,22500.0,1.0,22600.0,1.0,22700.0,1.0,22800.0,1.0,22900.0,1.0,23000.0,1.0,23100.0,1.0,23200.0,1.0,23300.0,1.0,23400.0,1.0
000629.SZ,2020-08-04,09:34:17,22400.0,0.0,0.0,22400.0,1.0,22300.0,1.0,22200.0,1.0,22100.0,1,22000.0,1.0,21900.0,1.0,21800.0,1.0,21700.0,1.0,21600.0,1.0,21500.0,1.0,22500.0,1.0,22600.0,1.0,22700.0,1.0,22800.0,1.0,22900.0,1.0,23000.0,1.0,23100.0,1.0,23200.0,1.0,23300.0,1.0,23400.0,1.0
000629.SZ,2020-08-04,09:34:18,22400.0,0.3142857142857143,7040.0,22400.0,1.0,22300.0,1.0,22200.0,1.0,22100.0,1,22000.0,1.0,21900.0,1.0,21800.0,1.0,21700.0,1.0,21600.0,1.0,21500.0,1.0,22500.0,1.0,22600.0,1.0,22700.0,1.0,22800.0,1.0,22900.0,1.0,23000.0,1.0,23100.0,1.0,23200.0,1.0,23300.0,1.0,23400.0,1.0
000629.SZ,2020-08-04,09:34:19,22400.0,0.0,0.0,22400.0,1.0,22300.0,1.0,22200.0,1.0,22100.0,1,22000.0,1.0,21900.0,1.0,21800.0,1.0,21700.0,1.0,21600.0,1.0,21500.0,1.0,22500.0,1.0,22600.0,1.0,22700.0,1.0,22800.0,1.0,22900.0,1.0,23000.0,1.0,23100.0,1.0,23200.0,1.0,23300.0,1.0,23400.0,1.0
000629.SZ,2020-08-04,09:34:20,22400.0,1.0,22500.0,22400.0,1.0,22300.0,1.0,22200.0,1.0,22100.0,1,22000.0,1.0,21900.0,1.0,21800.0,1.0,21700.0,1.0,21600.0,1.0,21500.0,1.0,22500.0,1.0,22600.0,1.0,22700.0,1.0,22800.0,1.0,22900.0,1.0,23000.0,1.0,23100.0,1.0,23200.0,1.0,23300.0,1.0,23400.0,1.0
000629.SZ,2020-08-04,09:34:21,22500.0,0.0,0.0,22400.0,1.0,22300.0,1.0,22200.0,1.0,22100.0,1,22000.0,1.0,21900.0,1.0,21800.0,1.0,21700.0,1.0,21600.0,1.0,21500.0,1.0,22500.0,1.0,22600.0,1.0,22700.0,1.0,22800.0,1.0,22900.0,1.0,23000.0,1.0,23100.0,1.0,23200.0,1.0,23300.0,1.0,23400.0,1.0
000629.SZ,2020-08-04,09:34:22,22500.0,0.0217687074829931,489.7959183673469,22400.0,1.0,22300.0,1.0,22200.0,1.0,22100.0,1,22000.0,1.0,21900.0,1.0,21800.0,1.0,21700.0,1.0,21600.0,1.0,21500.0,1.0,22500.0,1.0,22600.0,1.0,22700.0,1.0,22800.0,1.0,22900.0,1.0,23000.0,1.0,23100.0,1.0,23200.0,1.0,23300.0,1.0,23400.0,1.0
000629.SZ,2020-08-04,09:34:23,22500.0,0.0,0.0,22400.0,1.0,22300.0,1.0,22200.0,1.0,22100.0,1,22000.0,1.0,21900.0,1.0,21800.0,1.0,21700.0,1.0,21600.0,1.0,21500.0,1.0,22500.0,1.0,22600.0,1.0,22700.0,1.0,22800.0,1.0,22900.0,1.0,23000.0,1.0,23100.0,1.0,23200.0,1.0,23300.0,1.0,23400.0,1.0
000629.SZ,2020-08-04,09:34:24,22500.0,0.0,0.0,22400.0,1.0,22300.0,1.0,22200.0,1.0,22100.0,1,22000.0,1.0,21900.0,1.0,21800.0,1.0,21700.0,1.0,21600.0,1.0,21500.0,1.0,22500.0,1.0,22600.0,1.0,22700.0,1.0,22800.0,1.0,22900.0,1.0,23000.0,1.0,23100.0,1.0,23200.0,1.0,23300.0,1.0,23400.0,1.0
000629.SZ,2020-08-04,09:34:25,22500.0,0.0,0.0,22400.0,1.0,22300.0,1.0,22200.0,1.0,22100.0,1,22000.0,1.0,21900.0,1.0,21800.0,1.0,21700.0,1.0,21600.0,1.0,21500.0,1.0,22500.0,1.0,22600.0,1.0,22700.0,1.0,22800.0,1.0,22900.0,1.0,23000.0,1.0,23100.0,1.0,23200.0,1.0,23300.0,1.0,23400.0,1.0
000629.SZ,2020-08-04,09:34:26,22500.0,0.2517006802721088,5638.095238095239,22400.0,1.0,22300.0,1.0,22200.0,1.0,22100.0,1,22000.0,1.0,21900.0,1.0,21800.0,1.0,21700.0,1.0,21600.0,1.0,21500.0,1.0,22500.0,1.0,22600.0,1.0,22700.0,1.0,22800.0,1.0,22900.0,1.0,23000.0,1.0,23100.0,1.0,23200.0,1.0,23300.0,1.0,23400.0,1.0
000629.SZ,2020-08-04,09:34:27,22400.0,0.0,0.0,22400.0,1.0,22300.0,1.0,22200.0,1.0,22100.0,1,22000.0,1.0,21900.0,1.0,21800.0,1.0,21700.0,1.0,21600.0,1.0,21500.0,1.0,22500.0,1.0,22600.0,1.0,22700.0,1.0,22800.0,1.0,22900.0,1.0,23000.0,1.0,23100.0,1.0,23200.0,1.0,23300.0,1.0,23400.0,1.0
000629.SZ,2020-08-04,09:34:28,22400.0,0.0,0.0,22400.0,1.0,22300.0,1.0,22200.0,1.0,22100.0,1,22000.0,1.0,21900.0,1.0,21800.0,1.0,21700.0,1.0,21600.0,1.0,21500.0,1.0,22500.0,1.0,22600.0,1.0,22700.0,1.0,22800.0,1.0,22900.0,1.0,23000.0,1.0,23100.0,1.0,23200.0,1.0,23300.0,1.0,23400.0,1.0
000629.SZ,2020-08-04,09:34:29,22400.0,0.2149659863945578,4836.734693877551,22400.0,1.0,22300.0,1.0,22200.0,1.0,22100.0,1,22000.0,1.0,21900.0,1.0,21800.0,1.0,21700.0,1.0,21600.0,1.0,21500.0,1.0,22500.0,1.0,22600.0,1.0,22700.0,1.0,22800.0,1.0,22900.0,1.0,23000.0,1.0,23100.0,1.0,23200.0,1.0,23300.0,1.0,23400.0,1.0
000629.SZ,2020-08-04,09:34:30,22500.0,0.0,0.0,22400.0,1.0,22300.0,1.0,22200.0,1.0,22100.0,1,22000.0,1.0,21900.0,1.0,21800.0,1.0,21700.0,1.0,21600.0,1.0,21500.0,1.0,22500.0,1.0,22600.0,1.0,22700.0,1.0,22800.0,1.0,22900.0,1.0,23000.0,1.0,23100.0,1.0,23200.0,1.0,23300.0,1.0,23400.0,1.0
000629.SZ,2020-08-04,09:34:31,22500.0,0.0,0.0,22400.0,1.0,22300.0,1.0,22200.0,1.0,22100.0,1,22000.0,1.0,21900.0,1.0,21800.0,1.0,21700.0,1.0,21600.0,1.0,21500.0,1.0,22500.0,1.0,22600.0,1.0,22700.0,1.0,22800.0,1.0,22900.0,1.0,23000.0,1.0,23100.0,1.0,23200.0,1.0,23300.0,1.0,23400.0,1.0
000629.SZ,2020-08-04,09:34:32,22500.0,0.0054421768707482,122.44897959183672,22400.0,1.0,22300.0,1.0,22200.0,1.0,22100.0,1,22000.0,1.0,21900.0,1.0,21800.0,1.0,21700.0,1.0,21600.0,1.0,21500.0,1.0,22500.0,1.0,22600.0,1.0,22700.0,1.0,22800.0,1.0,22900.0,1.0,23000.0,1.0,23100.0,1.0,23200.0,1.0,23300.0,1.0,23400.0,1.0
000629.SZ,2020-08-04,09:34:33,22500.0,0.0,0.0,22400.0,1.0,22300.0,1.0,22200.0,1.0,22100.0,1,22000.0,1.0,21900.0,1.0,21800.0,1.0,21700.0,1.0,21600.0,1.0,21500.0,1.0,22500.0,1.0,22600.0,1.0,22700.0,1.0,22800.0,1.0,22900.0,1.0,23000.0,1.0,23100.0,1.0,23200.0,1.0,23300.0,1.0,23400.0,1.0
000629.SZ,2020-08-04,09:34:34,22500.0,0.0272108843537414,609.5238095238095,22400.0,1.0,22300.0,1.0,22200.0,1.0,22100.0,1,22000.0,1.0,21900.0,1.0,21800.0,1.0,21700.0,1.0,21600.0,1.0,21500.0,1.0,22500.0,1.0,22600.0,1.0,22700.0,1.0,22800.0,1.0,22900.0,1.0,23000.0,1.0,23100.0,1.0,23200.0,1.0,23300.0,1.0,23400.0,1.0
000629.SZ,2020-08-04,09:34:35,22400.0,0.05578231292517,1249.5238095238094,22400.0,1.0,22300.0,1.0,22200.0,1.0,22100.0,1,22000.0,1.0,21900.0,1.0,21800.0,1.0,21700.0,1.0,21600.0,1.0,21500.0,1.0,22500.0,1.0,22600.0,1.0,22700.0,1.0,22800.0,1.0,22900.0,1.0,23000.0,1.0,23100.0,1.0,23200.0,1.0,23300.0,1.0,23400.0,1.0
000629.SZ,2020-08-04,09:34:36,22400.0,0.0789115646258503,1768.5659863945575,22400.0,1.0,22300.0,1.0,22200.0,1.0,22100.0,1,22000.0,1.0,21900.0,1.0,21800.0,1.0,21700.0,1.0,21600.0,1.0,21500.0,1.0,22500.0,1.0,22600.0,1.0,22700.0,1.0,22800.0,1.0,22900.0,1.0,23000.0,1.0,23100.0,1.0,23200.0,1.0,23300.0,1.0,23400.0,1.0
000629.SZ,2020-08-04,09:34:37,22400.0,0.2979591836734694,6674.285714285715,22400.0,1.0,22300.0,1.0,22200.0,1.0,22100.0,1,22000.0,1.0,21900.0,1.0,21800.0,1.0,21700.0,1.0,21600.0,1.0,21500.0,1.0,22500.0,1.0,22600.0,1.0,22700.0,1.0,22800.0,1.0,22900.0,1.0,23000.0,1.0,23100.0,1.0,23200.0,1.0,23300.0,1.0,23400.0,1.0
000629.SZ,2020-08-04,09:34:38,22400.0,0.0,0.0,22400.0,1.0,22300.0,1.0,22200.0,1.0,22100.0,1,22000.0,1.0,21900.0,1.0,21800.0,1.0,21700.0,1.0,21600.0,1.0,21500.0,1.0,22500.0,1.0,22600.0,1.0,22700.0,1.0,22800.0,1.0,22900.0,1.0,23000.0,1.0,23100.0,1.0,23200.0,1.0,23300.0,1.0,23400.0,1.0
000629.SZ,2020-08-04,09:34:39,22400.0,0.0408163265306122,914.2857142857142,22400.0,1.0,22300.0,1.0,22200.0,1.0,22100.0,1,22000.0,1.0,21900.0,1.0,21800.0,1.0,21700.0,1.0,21600.0,1.0,21500.0,1.0,22500.0,1.0,22600.0,1.0,22700.0,1.0,22800.0,1.0,22900.0,1.0,23000.0,1.0,23100.0,1.0,23200.0,1.0,23300.0,1.0,23400.0,1.0
000629.SZ,2020-08-04,09:34:40,22400.0,0.0,0.0,22400.0,1.0,22300.0,1.0,22200.0,1.0,22100.0,1,22000.0,1.0,21900.0,1.0,21800.0,1.0,21700.0,1.0,21600.0,1.0,21500.0,1.0,22500.0,1.0,22600.0,1.0,22700.0,1.0,22800.0,1.0,22900.0,1.0,23000.0,1.0,23100.0,1.0,23200.0,1.0,23300.0,1.0,23400.0,1.0
000629.SZ,2020-08-04,09:34:41,22400.0,0.7877551020408163,17645.714285714286,22400.0,1.0,22300.0,1.0,22200.0,1.0,22100.0,1,22000.0,1.0,21900.0,1.0,21800.0,1.0,21700.0,1.0,21600.0,1.0,21500.0,1.0,22500.0,1.0,22600.0,1.0,22700.0,1.0,22800.0,1.0,22900.0,1.0,23000.0,1.0,23100.0,1.0,23200.0,1.0,23300.0,1.0,23400.0,1.0
000629.SZ,2020-08-04,09:34:42,22400.0,0.0,0.0,22400.0,1.0,22300.0,1.0,22200.0,1.0,22100.0,1,22000.0,1.0,21900.0,1.0,21800.0,1.0,21700.0,1.0,21600.0,1.0,21500.0,1.0,22500.0,1.0,22600.0,1.0,22700.0,1.0,22800.0,1.0,22900.0,1.0,23000.0,1.0,23100.0,1.0,23200.0,1.0,23300.0,1.0,23400.0,1.0
000629.SZ,2020-08-04,09:34:43,22400.0,0.0,0.0,22400.0,1.0,22300.0,1.0,22200.0,1.0,22100.0,1,22000.0,1.0,21900.0,1.0,21800.0,1.0,21700.0,1.0,21600.0,1.0,21500.0,1.0,22500.0,1.0,22600.0,1.0,22700.0,1.0,22800.0,1.0,22900.0,1.0,23000.0,1.0,23100.0,1.0,23200.0,1.0,23300.0,1.0,23400.0,1.0
000629.SZ,2020-08-04,09:34:44,22400.0,0.0204081632653061,457.1428571428571,22400.0,1.0,22300.0,1.0,22200.0,1.0,22100.0,1,22000.0,1.0,21900.0,1.0,21800.0,1.0,21700.0,1.0,21600.0,1.0,21500.0,1.0,22500.0,1.0,22600.0,1.0,22700.0,1.0,22800.0,1.0,22900.0,1.0,23000.0,1.0,23100.0,1.0,23200.0,1.0,23300.0,1.0,23400.0,1.0
000629.SZ,2020-08-04,09:34:45,22400.0,0.0,0.0,22400.0,1.0,22300.0,1.0,22200.0,1.0,22100.0,1,22000.0,1.0,21900.0,1.0,21800.0,1.0,21700.0,1.0,21600.0,1.0,21500.0,1.0,22500.0,1.0,22600.0,1.0,22700.0,1.0,22800.0,1.0,22900.0,1.0,23000.0,1.0,23100.0,1.0,23200.0,1.0,23300.0,1.0,23400.0,1.0
000629.SZ,2020-08-04,09:34:46,22400.0,0.0,0.0,22400.0,1.0,22300.0,1.0,22200.0,1.0,22100.0,1,22000.0,1.0,21900.0,1.0,21800.0,1.0,21700.0,1.0,21600.0,1.0,21500.0,1.0,22500.0,1.0,22600.0,1.0,22700.0,1.0,22800.0,1.0,22900.0,1.0,23000.0,1.0,23100.0,1.0,23200.0,1.0,23300.0,1.0,23400.0,1.0
000629.SZ,2020-08-04,09:34:47,22400.0,0.0,0.0,22400.0,1.0,22300.0,1.0,22200.0,1.0,22100.0,1,22000.0,1.0,21900.0,1.0,21800.0,1.0,21700.0,1.0,21600.0,1.0,21500.0,1.0,22500.0,1.0,22600.0,1.0,22700.0,1.0,22800.0,1.0,22900.0,1.0,23000.0,1.0,23100.0,1.0,23200.0,1.0,23300.0,1.0,23400.0,1.0
000629.SZ,2020-08-04,09:34:48,22400.0,0.0,0.0,22400.0,1.0,22300.0,1.0,22200.0,1.0,22100.0,1,22000.0,1.0,21900.0,1.0,21800.0,1.0,21700.0,1.0,21600.0,1.0,21500.0,1.0,22500.0,1.0,22600.0,1.0,22700.0,1.0,22800.0,1.0,22900.0,1.0,23000.0,1.0,23100.0,1.0,23200.0,1.0,23300.0,1.0,23400.0,1.0
000629.SZ,2020-08-04,09:34:49,22400.0,0.0,0.0,22400.0,1.0,22300.0,1.0,22200.0,1.0,22100.0,1,22000.0,1.0,21900.0,1.0,21800.0,1.0,21700.0,1.0,21600.0,1.0,21500.0,1.0,22500.0,1.0,22600.0,1.0,22700.0,1.0,22800.0,1.0,22900.0,1.0,23000.0,1.0,23100.0,1.0,23200.0,1.0,23300.0,1.0,23400.0,1.0
000629.SZ,2020-08-04,09:34:50,22400.0,1.0,22400.0,22400.0,1.0,22300.0,1.0,22200.0,1.0,22100.0,1,22000.0,1.0,21900.0,1.0,21800.0,1.0,21700.0,1.0,21600.0,1.0,21500.0,1.0,22500.0,1.0,22600.0,1.0,22700.0,1.0,22800.0,1.0,22900.0,1.0,23000.0,1.0,23100.0,1.0,23200.0,1.0,23300.0,1.0,23400.0,1.0
000629.SZ,2020-08-04,09:34:51,22400.0,0.2421768707482993,5424.761904761905,22400.0,1.0,22300.0,1.0,22200.0,1.0,22100.0,1,22000.0,1.0,21900.0,1.0,21800.0,1.0,21700.0,1.0,21600.0,1.0,21500.0,1.0,22500.0,1.0,22600.0,1.0,22700.0,1.0,22800.0,1.0,22900.0,1.0,23000.0,1.0,23100.0,1.0,23200.0,1.0,23300.0,1.0,23400.0,1.0
000629.SZ,2020-08-04,09:34:52,22400.0,0.1959183673469387,4388.571428571428,22400.0,1.0,22300.0,1.0,22200.0,1.0,22100.0,1,22000.0,1.0,21900.0,1.0,21800.0,1.0,21700.0,1.0,21600.0,1.0,21500.0,1.0,22500.0,1.0,22600.0,1.0,22700.0,1.0,22800.0,1.0,22900.0,1.0,23000.0,1.0,23100.0,1.0,23200.0,1.0,23300.0,1.0,23400.0,1.0
000629.SZ,2020-08-04,09:34:53,22400.0,0.0,0.0,22400.0,1.0,22300.0,1.0,22200.0,1.0,22100.0,1,22000.0,1.0,21900.0,1.0,21800.0,1.0,21700.0,1.0,21600.0,1.0,21500.0,1.0,22500.0,1.0,22600.0,1.0,22700.0,1.0,22800.0,1.0,22900.0,1.0,23000.0,1.0,23100.0,1.0,23200.0,1.0,23300.0,1.0,23400.0,1.0
000629.SZ,2020-08-04,09:34:54,22400.0,0.0272108843537414,612.2448979591836,22400.0,1.0,22300.0,1.0,22200.0,1.0,22100.0,1,22000.0,1.0,21900.0,1.0,21800.0,1.0,21700.0,1.0,21600.0,1.0,21500.0,1.0,22500.0,1.0,22600.0,1.0,22700.0,1.0,22800.0,1.0,22900.0,1.0,23000.0,1.0,23100.0,1.0,23200.0,1.0,23300.0,1.0,23400.0,1.0
000629.SZ,2020-08-04,09:34:55,22500.0,0.0,0.0,22400.0,1.0,22300.0,1.0,22200.0,1.0,22100.0,1,22000.0,1.0,21900.0,1.0,21800.0,1.0,21700.0,1.0,21600.0,1.0,21500.0,1.0,22500.0,1.0,22600.0,1.0,22700.0,1.0,22800.0,1.0,22900.0,1.0,23000.0,1.0,23100.0,1.0,23200.0,1.0,23300.0,1.0,23400.0,1.0
000629.SZ,2020-08-04,09:34:56,22500.0,0.001360544217687,30.476190476190474,22400.0,1.0,22300.0,1.0,22200.0,1.0,22100.0,1,22000.0,1.0,21900.0,1.0,21800.0,1.0,21700.0,1.0,21600.0,1.0,21500.0,1.0,22500.0,1.0,22600.0,1.0,22700.0,1.0,22800.0,1.0,22900.0,1.0,23000.0,1.0,23100.0,1.0,23200.0,1.0,23300.0,1.0,23400.0,1.0
000629.SZ,2020-08-04,09:34:57,22400.0,0.0163265306122449,365.7142857142857,22400.0,1.0,22300.0,1.0,22200.0,1.0,22100.0,1,22000.0,1.0,21900.0,1.0,21800.0,1.0,21700.0,1.0,21600.0,1.0,21500.0,1.0,22500.0,1.0,22600.0,1.0,22700.0,1.0,22800.0,1.0,22900.0,1.0,23000.0,1.0,23100.0,1.0,23200.0,1.0,23300.0,1.0,23400.0,1.0
000629.SZ,2020-08-04,09:34:58,22400.0,0.0,0.0,22400.0,1.0,22300.0,1.0,22200.0,1.0,22100.0,1,22000.0,1.0,21900.0,1.0,21800.0,1.0,21700.0,1.0,21600.0,1.0,21500.0,1.0,22500.0,1.0,22600.0,1.0,22700.0,1.0,22800.0,1.0,22900.0,1.0,23000.0,1.0,23100.0,1.0,23200.0,1.0,23300.0,1.0,23400.0,1.0
000629.SZ,2020-08-04,09:34:59,22400.0,0.0,0.0,22400.0,1.0,22300.0,1.0,22200.0,1.0,22100.0,1,22000.0,1.0,21900.0,1.0,21800.0,1.0,21700.0,1.0,21600.0,1.0,21500.0,1.0,22500.0,1.0,22600.0,1.0,22700.0,1.0,22800.0,1.0,22900.0,1.0,23000.0,1.0,23100.0,1.0,23200.0,1.0,23300.0,1.0,23400.0,1.0
000629.SZ,2020-08-04,09:35:00,22400.0,0.0,0.0,22400.0,1.0,22300.0,1.0,22200.0,1.0,22100.0,1,22000.0,1.0,21900.0,1.0,21800.0,1.0,21700.0,1.0,21600.0,1.0,21500.0,1.0,22500.0,1.0,22600.0,1.0,22700.0,1.0,22800.0,1.0,22900.0,1.0,23000.0,1.0,23100.0,1.0,23200.0,1.0,23300.0,1.0,23400.0,1.0
000629.SZ,2020-08-04,09:35:01,22400.0,0.0,0.0,22400.0,1.0,22300.0,1.0,22200.0,1.0,22100.0,1,22000.0,1.0,21900.0,1.0,21800.0,1.0,21700.0,1.0,21600.0,1.0,21500.0,1.0,22500.0,1.0,22600.0,1.0,22700.0,1.0,22800.0,1.0,22900.0,1.0,23000.0,1.0,23100.0,1.0,23200.0,1.0,23300.0,1.0,23400.0,1.0
000629.SZ,2020-08-04,09:35:02,22400.0,0.0,0.0,22400.0,1.0,22300.0,1.0,22200.0,1.0,22100.0,1,22000.0,1.0,21900.0,1.0,21800.0,1.0,21700.0,1.0,21600.0,1.0,21500.0,1.0,22500.0,1.0,22600.0,1.0,22700.0,1.0,22800.0,1.0,22900.0,1.0,23000.0,1.0,23100.0,1.0,23200.0,1.0,23300.0,1.0,23400.0,1.0
000629.SZ,2020-08-04,09:35:03,22400.0,0.0,0.0,22400.0,1.0,22300.0,1.0,22200.0,1.0,22100.0,1,22000.0,1.0,21900.0,1.0,21800.0,1.0,21700.0,1.0,21600.0,1.0,21500.0,1.0,22500.0,1.0,22600.0,1.0,22700.0,1.0,22800.0,1.0,22900.0,1.0,23000.0,1.0,23100.0,1.0,23200.0,1.0,23300.0,1.0,23400.0,1.0
000629.SZ,2020-08-04,09:35:04,22400.0,0.0,0.0,22400.0,1.0,22300.0,1.0,22200.0,1.0,22100.0,1,22000.0,1.0,21900.0,1.0,21800.0,1.0,21700.0,1.0,21600.0,1.0,21500.0,1.0,22500.0,1.0,22600.0,1.0,22700.0,1.0,22800.0,1.0,22900.0,1.0,23000.0,1.0,23100.0,1.0,23200.0,1.0,23300.0,1.0,23400.0,1.0
000629.SZ,2020-08-04,09:35:05,22400.0,0.0,0.0,22400.0,1.0,22300.0,1.0,22200.0,1.0,22100.0,1,22000.0,1.0,21900.0,1.0,21800.0,1.0,21700.0,1.0,21600.0,1.0,21500.0,1.0,22500.0,1.0,22600.0,1.0,22700.0,1.0,22800.0,1.0,22900.0,1.0,23000.0,1.0,23100.0,1.0,23200.0,1.0,23300.0,1.0,23400.0,1.0
000629.SZ,2020-08-04,09:35:06,22400.0,0.0,0.0,22400.0,1.0,22300.0,1.0,22200.0,1.0,22100.0,1,22000.0,1.0,21900.0,1.0,21800.0,1.0,21700.0,1.0,21600.0,1.0,21500.0,1.0,22500.0,1.0,22600.0,1.0,22700.0,1.0,22800.0,1.0,22900.0,1.0,23000.0,1.0,23100.0,1.0,23200.0,1.0,23300.0,1.0,23400.0,1.0
000629.SZ,2020-08-04,09:35:07,22400.0,0.0,0.0,22400.0,1.0,22300.0,1.0,22200.0,1.0,22100.0,1,22000.0,1.0,21900.0,1.0,21800.0,1.0,21700.0,1.0,21600.0,1.0,21500.0,1.0,22500.0,1.0,22600.0,1.0,22700.0,1.0,22800.0,1.0,22900.0,1.0,23000.0,1.0,23100.0,1.0,23200.0,1.0,23300.0,1.0,23400.0,1.0
000629.SZ,2020-08-04,09:35:08,22400.0,0.0,0.0,22400.0,1.0,22300.0,1.0,22200.0,1.0,22100.0,1,22000.0,1.0,21900.0,1.0,21800.0,1.0,21700.0,1.0,21600.0,1.0,21500.0,1.0,22500.0,1.0,22600.0,1.0,22700.0,1.0,22800.0,1.0,22900.0,1.0,23000.0,1.0,23100.0,1.0,23200.0,1.0,23300.0,1.0,23400.0,1.0
000629.SZ,2020-08-04,09:35:09,22400.0,0.1428571428571428,3200.0,22400.0,1.0,22300.0,1.0,22200.0,1.0,22100.0,1,22000.0,1.0,21900.0,1.0,21800.0,1.0,21700.0,1.0,21600.0,1.0,21500.0,1.0,22500.0,1.0,22600.0,1.0,22700.0,1.0,22800.0,1.0,22900.0,1.0,23000.0,1.0,23100.0,1.0,23200.0,1.0,23300.0,1.0,23400.0,1.0
000629.SZ,2020-08-04,09:35:10,22400.0,0.001360544217687,30.476190476190474,22400.0,1.0,22300.0,1.0,22200.0,1.0,22100.0,1,22000.0,1.0,21900.0,1.0,21800.0,1.0,21700.0,1.0,21600.0,1.0,21500.0,1.0,22500.0,1.0,22600.0,1.0,22700.0,1.0,22800.0,1.0,22900.0,1.0,23000.0,1.0,23100.0,1.0,23200.0,1.0,23300.0,1.0,23400.0,1.0
000629.SZ,2020-08-04,09:35:11,22400.0,0.0,0.0,22400.0,1.0,22300.0,1.0,22200.0,1.0,22100.0,1,22000.0,1.0,21900.0,1.0,21800.0,1.0,21700.0,1.0,21600.0,1.0,21500.0,1.0,22500.0,1.0,22600.0,1.0,22700.0,1.0,22800.0,1.0,22900.0,1.0,23000.0,1.0,23100.0,1.0,23200.0,1.0,23300.0,1.0,23400.0,1.0
000629.SZ,2020-08-04,09:35:12,22400.0,0.0,0.0,22400.0,1.0,22300.0,1.0,22200.0,1.0,22100.0,1,22000.0,1.0,21900.0,1.0,21800.0,1.0,21700.0,1.0,21600.0,1.0,21500.0,1.0,22500.0,1.0,22600.0,1.0,22700.0,1.0,22800.0,1.0,22900.0,1.0,23000.0,1.0,23100.0,1.0,23200.0,1.0,23300.0,1.0,23400.0,1.0
000629.SZ,2020-08-04,09:35:13,22400.0,0.0,0.0,22400.0,1.0,22300.0,1.0,22200.0,1.0,22100.0,1,22000.0,1.0,21900.0,1.0,21800.0,1.0,21700.0,1.0,21600.0,1.0,21500.0,1.0,22500.0,1.0,22600.0,1.0,22700.0,1.0,22800.0,1.0,22900.0,1.0,23000.0,1.0,23100.0,1.0,23200.0,1.0,23300.0,1.0,23400.0,1.0
000629.SZ,2020-08-04,09:35:14,22400.0,0.0,0.0,22400.0,1.0,22300.0,1.0,22200.0,1.0,22100.0,1,22000.0,1.0,21900.0,1.0,21800.0,1.0,21700.0,1.0,21600.0,1.0,21500.0,1.0,22500.0,1.0,22600.0,1.0,22700.0,1.0,22800.0,1.0,22900.0,1.0,23000.0,1.0,23100.0,1.0,23200.0,1.0,23300.0,1.0,23400.0,1.0
000629.SZ,2020-08-04,09:35:15,22400.0,0.0,0.0,22400.0,1.0,22300.0,1.0,22200.0,1.0,22100.0,1,22000.0,1.0,21900.0,1.0,21800.0,1.0,21700.0,1.0,21600.0,1.0,21500.0,1.0,22500.0,1.0,22600.0,1.0,22700.0,1.0,22800.0,1.0,22900.0,1.0,23000.0,1.0,23100.0,1.0,23200.0,1.0,23300.0,1.0,23400.0,1.0
000629.SZ,2020-08-04,09:35:16,22400.0,0.0,0.0,22400.0,1.0,22300.0,1.0,22200.0,1.0,22100.0,1,22000.0,1.0,21900.0,1.0,21800.0,1.0,21700.0,1.0,21600.0,1.0,21500.0,1.0,22500.0,1.0,22600.0,1.0,22700.0,1.0,22800.0,1.0,22900.0,1.0,23000.0,1.0,23100.0,1.0,23200.0,1.0,23300.0,1.0,23400.0,1.0
000629.SZ,2020-08-04,09:35:17,22400.0,0.0,0.0,22400.0,1.0,22300.0,1.0,22200.0,1.0,22100.0,1,22000.0,1.0,21900.0,1.0,21800.0,1.0,21700.0,1.0,21600.0,1.0,21500.0,1.0,22500.0,1.0,22600.0,1.0,22700.0,1.0,22800.0,1.0,22900.0,1.0,23000.0,1.0,23100.0,1.0,23200.0,1.0,23300.0,1.0,23400.0,1.0
000629.SZ,2020-08-04,09:35:18,22400.0,0.3333333333333333,7480.0,22400.0,1.0,22300.0,1.0,22200.0,1.0,22100.0,1,22000.0,1.0,21900.0,1.0,21800.0,1.0,21700.0,1.0,21600.0,1.0,21500.0,1.0,22500.0,1.0,22600.0,1.0,22700.0,1.0,22800.0,1.0,22900.0,1.0,23000.0,1.0,23100.0,1.0,23200.0,1.0,23300.0,1.0,23400.0,1.0
000629.SZ,2020-08-04,09:35:19,22400.0,0.0,0.0,22400.0,1.0,22300.0,1.0,22200.0,1.0,22100.0,1,22000.0,1.0,21900.0,1.0,21800.0,1.0,21700.0,1.0,21600.0,1.0,21500.0,1.0,22500.0,1.0,22600.0,1.0,22700.0,1.0,22800.0,1.0,22900.0,1.0,23000.0,1.0,23100.0,1.0,23200.0,1.0,23300.0,1.0,23400.0,1.0
000629.SZ,2020-08-04,09:35:20,22400.0,0.0,0.0,22400.0,1.0,22300.0,1.0,22200.0,1.0,22100.0,1,22000.0,1.0,21900.0,1.0,21800.0,1.0,21700.0,1.0,21600.0,1.0,21500.0,1.0,22500.0,1.0,22600.0,1.0,22700.0,1.0,22800.0,1.0,22900.0,1.0,23000.0,1.0,23100.0,1.0,23200.0,1.0,23300.0,1.0,23400.0,1.0
000629.SZ,2020-08-04,09:35:21,22400.0,0.0,0.0,22400.0,1.0,22300.0,1.0,22200.0,1.0,22100.0,1,22000.0,1.0,21900.0,1.0,21800.0,1.0,21700.0,1.0,21600.0,1.0,21500.0,1.0,22500.0,1.0,22600.0,1.0,22700.0,1.0,22800.0,1.0,22900.0,1.0,23000.0,1.0,23100.0,1.0,23200.0,1.0,23300.0,1.0,23400.0,1.0
000629.SZ,2020-08-04,09:35:22,22400.0,0.0,0.0,22400.0,1.0,22300.0,1.0,22200.0,1.0,22100.0,1,22000.0,1.0,21900.0,1.0,21800.0,1.0,21700.0,1.0,21600.0,1.0,21500.0,1.0,22500.0,1.0,22600.0,1.0,22700.0,1.0,22800.0,1.0,22900.0,1.0,23000.0,1.0,23100.0,1.0,23200.0,1.0,23300.0,1.0,23400.0,1.0
000629.SZ,2020-08-04,09:35:23,22400.0,0.0,0.0,22400.0,1.0,22300.0,1.0,22200.0,1.0,22100.0,1,22000.0,1.0,21900.0,1.0,21800.0,1.0,21700.0,1.0,21600.0,1.0,21500.0,1.0,22500.0,1.0,22600.0,1.0,22700.0,1.0,22800.0,1.0,22900.0,1.0,23000.0,1.0,23100.0,1.0,23200.0,1.0,23300.0,1.0,23400.0,1.0
000629.SZ,2020-08-04,09:35:24,22400.0,0.0680272108843537,1523.809523809524,22400.0,1.0,22300.0,1.0,22200.0,1.0,22100.0,1,22000.0,1.0,21900.0,1.0,21800.0,1.0,21700.0,1.0,21600.0,1.0,21500.0,1.0,22500.0,1.0,22600.0,1.0,22700.0,1.0,22800.0,1.0,22900.0,1.0,23000.0,1.0,23100.0,1.0,23200.0,1.0,23300.0,1.0,23400.0,1.0
000629.SZ,2020-08-04,09:35:25,22400.0,0.0,0.0,22400.0,1.0,22300.0,1.0,22200.0,1.0,22100.0,1,22000.0,1.0,21900.0,1.0,21800.0,1.0,21700.0,1.0,21600.0,1.0,21500.0,1.0,22500.0,1.0,22600.0,1.0,22700.0,1.0,22800.0,1.0,22900.0,1.0,23000.0,1.0,23100.0,1.0,23200.0,1.0,23300.0,1.0,23400.0,1.0
000629.SZ,2020-08-04,09:35:26,22400.0,0.0,0.0,22400.0,1.0,22300.0,1.0,22200.0,1.0,22100.0,1,22000.0,1.0,21900.0,1.0,21800.0,1.0,21700.0,1.0,21600.0,1.0,21500.0,1.0,22500.0,1.0,22600.0,1.0,22700.0,1.0,22800.0,1.0,22900.0,1.0,23000.0,1.0,23100.0,1.0,23200.0,1.0,23300.0,1.0,23400.0,1.0
000629.SZ,2020-08-04,09:35:27,22400.0,0.0,0.0,22400.0,1.0,22300.0,1.0,22200.0,1.0,22100.0,1,22000.0,1.0,21900.0,1.0,21800.0,1.0,21700.0,1.0,21600.0,1.0,21500.0,1.0,22500.0,1.0,22600.0,1.0,22700.0,1.0,22800.0,1.0,22900.0,1.0,23000.0,1.0,23100.0,1.0,23200.0,1.0,23300.0,1.0,23400.0,1.0
000629.SZ,2020-08-04,09:35:28,22400.0,0.2489795918367346,5589.342857142857,22400.0,1.0,22300.0,1.0,22200.0,1.0,22100.0,1,22000.0,1.0,21900.0,1.0,21800.0,1.0,21700.0,1.0,21600.0,1.0,21500.0,1.0,22500.0,1.0,22600.0,1.0,22700.0,1.0,22800.0,1.0,22900.0,1.0,23000.0,1.0,23100.0,1.0,23200.0,1.0,23300.0,1.0,23400.0,1.0
000629.SZ,2020-08-04,09:35:29,22400.0,0.0,0.0,22400.0,1.0,22300.0,1.0,22200.0,1.0,22100.0,1,22000.0,1.0,21900.0,1.0,21800.0,1.0,21700.0,1.0,21600.0,1.0,21500.0,1.0,22500.0,1.0,22600.0,1.0,22700.0,1.0,22800.0,1.0,22900.0,1.0,23000.0,1.0,23100.0,1.0,23200.0,1.0,23300.0,1.0,23400.0,1.0
000629.SZ,2020-08-04,09:35:30,22400.0,0.1564625850340136,3516.183673469388,22400.0,1.0,22300.0,1.0,22200.0,1.0,22100.0,1,22000.0,1.0,21900.0,1.0,21800.0,1.0,21700.0,1.0,21600.0,1.0,21500.0,1.0,22500.0,1.0,22600.0,1.0,22700.0,1.0,22800.0,1.0,22900.0,1.0,23000.0,1.0,23100.0,1.0,23200.0,1.0,23300.0,1.0,23400.0,1.0
000629.SZ,2020-08-04,09:35:31,22400.0,0.0,0.0,22400.0,1.0,22300.0,1.0,22200.0,1.0,22100.0,1,22000.0,1.0,21900.0,1.0,21800.0,1.0,21700.0,1.0,21600.0,1.0,21500.0,1.0,22500.0,1.0,22600.0,1.0,22700.0,1.0,22800.0,1.0,22900.0,1.0,23000.0,1.0,23100.0,1.0,23200.0,1.0,23300.0,1.0,23400.0,1.0
000629.SZ,2020-08-04,09:35:32,22400.0,0.1238095238095238,2785.714285714286,22400.0,1.0,22300.0,1.0,22200.0,1.0,22100.0,1,22000.0,1.0,21900.0,1.0,21800.0,1.0,21700.0,1.0,21600.0,1.0,21500.0,1.0,22500.0,1.0,22600.0,1.0,22700.0,1.0,22800.0,1.0,22900.0,1.0,23000.0,1.0,23100.0,1.0,23200.0,1.0,23300.0,1.0,23400.0,1.0
000629.SZ,2020-08-04,09:35:33,22500.0,0.0,0.0,22400.0,1.0,22300.0,1.0,22200.0,1.0,22100.0,1,22000.0,1.0,21900.0,1.0,21800.0,1.0,21700.0,1.0,21600.0,1.0,21500.0,1.0,22500.0,1.0,22600.0,1.0,22700.0,1.0,22800.0,1.0,22900.0,1.0,23000.0,1.0,23100.0,1.0,23200.0,1.0,23300.0,1.0,23400.0,1.0
000629.SZ,2020-08-04,09:35:34,22500.0,0.0,0.0,22400.0,1.0,22300.0,1.0,22200.0,1.0,22100.0,1,22000.0,1.0,21900.0,1.0,21800.0,1.0,21700.0,1.0,21600.0,1.0,21500.0,1.0,22500.0,1.0,22600.0,1.0,22700.0,1.0,22800.0,1.0,22900.0,1.0,23000.0,1.0,23100.0,1.0,23200.0,1.0,23300.0,1.0,23400.0,1.0
