StockCode,DataDate,UpdateTime,LastPrice,Volume,turnover,BidPrice1,BidVolume1,BidPrice2,BidVolume2,BidPrice3,BidVolume3,BidPrice4,BidVolume4,BidPrice5,BidVolume5,BidPrice6,BidVolume6,BidPrice7,BidVolume7,BidPrice8,BidVolume8,BidPrice9,BidVolume9,BidPrice10,BidVolume10,AskPrice1,AskVolume1,AskPrice2,AskVolume2,AskPrice3,AskVolume3,AskPrice4,AskVolume4,AskPrice5,AskVolume5,AskPrice6,AskVolume6,AskPrice7,AskVolume7,AskPrice8,AskVolume8,AskPrice9,AskVolume9,AskPrice10,AskVolume10
000629.SZ,2020-08-07,09:30:01,23600.0,1.0,23562.0,23500.0,1.0,23400.0,1.0,23300.0,1.0,23200.0,1,23100.0,1.0,23000.0,1.0,22900.0,1.0,22800.0,1.0,22700.0,1.0,22600.0,1.0,23600.0,1.0,23700.0,1.0,23800.0,1.0,23900.0,1.0,24000.0,1.0,24100.0,1.0,24200.0,1.0,24300.0,1.0,24400.0,1.0,24500.0,1.0
000629.SZ,2020-08-07,09:30:02,23600.0,1.0,23522.0,23500.0,1.0,23400.0,1.0,23300.0,1.0,23200.0,1,23100.0,1.0,23000.0,1.0,22900.0,1.0,22800.0,1.0,22700.0,1.0,22600.0,1.0,23600.0,1.0,23700.0,1.0,23800.0,1.0,23900.0,1.0,24000.0,1.0,24100.0,1.0,24200.0,1.0,24300.0,1.0,24400.0,1.0,24500.0,1.0
000629.SZ,2020-08-07,09:30:03,23600.0,0.0,0.0,23500.0,1.0,23400.0,1.0,23300.0,1.0,23200.0,1,23100.0,1.0,23000.0,1.0,22900.0,1.0,22800.0,1.0,22700.0,1.0,22600.0,1.0,23600.0,1.0,23700.0,1.0,23800.0,1.0,23900.0,1.0,24000.0,1.0,24100.0,1.0,24200.0,1.0,24300.0,1.0,24400.0,1.0,24500.0,1.0
000629.SZ,2020-08-07,09:30:04,23600.0,0.0,0.0,23500.0,1.0,23400.0,1.0,23300.0,1.0,23200.0,1,23100.0,1.0,23000.0,1.0,22900.0,1.0,22800.0,1.0,22700.0,1.0,22600.0,1.0,23600.0,1.0,23700.0,1.0,23800.0,1.0,23900.0,1.0,24000.0,1.0,24100.0,1.0,24200.0,1.0,24300.0,1.0,24400.0,1.0,24500.0,1.0
000629.SZ,2020-08-07,09:30:05,23600.0,0.0,0.0,23500.0,1.0,23400.0,1.0,23300.0,1.0,23200.0,1,23100.0,1.0,23000.0,1.0,22900.0,1.0,22800.0,1.0,22700.0,1.0,22600.0,1.0,23600.0,1.0,23700.0,1.0,23800.0,1.0,23900.0,1.0,24000.0,1.0,24100.0,1.0,24200.0,1.0,24300.0,1.0,24400.0,1.0,24500.0,1.0
000629.SZ,2020-08-07,09:30:06,23600.0,0.0,0.0,23500.0,1.0,23400.0,1.0,23300.0,1.0,23200.0,1,23100.0,1.0,23000.0,1.0,22900.0,1.0,22800.0,1.0,22700.0,1.0,22600.0,1.0,23600.0,1.0,23700.0,1.0,23800.0,1.0,23900.0,1.0,24000.0,1.0,24100.0,1.0,24200.0,1.0,24300.0,1.0,24400.0,1.0,24500.0,1.0
000629.SZ,2020-08-07,09:30:07,23600.0,0.0,0.0,23500.0,1.0,23400.0,1.0,23300.0,1.0,23200.0,1,23100.0,1.0,23000.0,1.0,22900.0,1.0,22800.0,1.0,22700.0,1.0,22600.0,1.0,23600.0,1.0,23700.0,1.0,23800.0,1.0,23900.0,1.0,24000.0,1.0,24100.0,1.0,24200.0,1.0,24300.0,1.0,24400.0,1.0,24500.0,1.0
000629.SZ,2020-08-07,09:30:08,23600.0,0.0,0.0,23500.0,1.0,23400.0,1.0,23300.0,1.0,23200.0,1,23100.0,1.0,23000.0,1.0,22900.0,1.0,22800.0,1.0,22700.0,1.0,22600.0,1.0,23600.0,1.0,23700.0,1.0,23800.0,1.0,23900.0,1.0,24000.0,1.0,24100.0,1.0,24200.0,1.0,24300.0,1.0,24400.0,1.0,24500.0,1.0
000629.SZ,2020-08-07,09:30:09,23600.0,0.0,0.0,23500.0,1.0,23400.0,1.0,23300.0,1.0,23200.0,1,23100.0,1.0,23000.0,1.0,22900.0,1.0,22800.0,1.0,22700.0,1.0,22600.0,1.0,23600.0,1.0,23700.0,1.0,23800.0,1.0,23900.0,1.0,24000.0,1.0,24100.0,1.0,24200.0,1.0,24300.0,1.0,24400.0,1.0,24500.0,1.0
000629.SZ,2020-08-07,09:30:10,23600.0,0.0,0.0,23500.0,1.0,23400.0,1.0,23300.0,1.0,23200.0,1,23100.0,1.0,23000.0,1.0,22900.0,1.0,22800.0,1.0,22700.0,1.0,22600.0,1.0,23600.0,1.0,23700.0,1.0,23800.0,1.0,23900.0,1.0,24000.0,1.0,24100.0,1.0,24200.0,1.0,24300.0,1.0,24400.0,1.0,24500.0,1.0
000629.SZ,2020-08-07,09:30:11,23600.0,0.036734693877551,859.591836734694,23400.0,1.0,23300.0,1.0,23200.0,1.0,23100.0,1,23000.0,1.0,22900.0,1.0,22800.0,1.0,22700.0,1.0,22600.0,1.0,22500.0,1.0,23500.0,0.05,23600.0,1.0,23700.0,1.0,23800.0,1.0,23900.0,1.0,24000.0,1.0,24100.0,1.0,24200.0,1.0,24300.0,1.0,24400.0,1.0
000629.SZ,2020-08-07,09:30:12,23400.0,0.05578231292517,1309.378231292517,23400.0,1.0,23300.0,1.0,23200.0,1.0,23100.0,1,23000.0,1.0,22900.0,1.0,22800.0,1.0,22700.0,1.0,22600.0,1.0,22500.0,1.0,23500.0,0.09,23600.0,1.0,23700.0,1.0,23800.0,1.0,23900.0,1.0,24000.0,1.0,24100.0,1.0,24200.0,1.0,24300.0,1.0,24400.0,1.0
000629.SZ,2020-08-07,09:30:13,23400.0,0.0204081632653061,479.59183673469386,23400.0,1.0,23300.0,1.0,23200.0,1.0,23100.0,1,23000.0,1.0,22900.0,1.0,22800.0,1.0,22700.0,1.0,22600.0,1.0,22500.0,1.0,23500.0,0.17,23600.0,1.0,23700.0,1.0,23800.0,1.0,23900.0,1.0,24000.0,1.0,24100.0,1.0,24200.0,1.0,24300.0,1.0,24400.0,1.0
000629.SZ,2020-08-07,09:30:14,23500.0,0.0176870748299319,415.6462585034014,23400.0,1.0,23300.0,1.0,23200.0,1.0,23100.0,1,23000.0,1.0,22900.0,1.0,22800.0,1.0,22700.0,1.0,22600.0,1.0,22500.0,1.0,23500.0,0.16,23600.0,1.0,23700.0,1.0,23800.0,1.0,23900.0,1.0,24000.0,1.0,24100.0,1.0,24200.0,1.0,24300.0,1.0,24400.0,1.0
000629.SZ,2020-08-07,09:30:15,23500.0,0.0680272108843537,1598.639455782313,23400.0,1.0,23300.0,1.0,23200.0,1.0,23100.0,1,23000.0,1.0,22900.0,1.0,22800.0,1.0,22700.0,1.0,22600.0,1.0,22500.0,1.0,23500.0,0.11,23600.0,1.0,23700.0,1.0,23800.0,1.0,23900.0,1.0,24000.0,1.0,24100.0,1.0,24200.0,1.0,24300.0,1.0,24400.0,1.0
000629.SZ,2020-08-07,09:30:16,23500.0,0.0,0.0,23400.0,1.0,23300.0,1.0,23200.0,1.0,23100.0,1,23000.0,1.0,22900.0,1.0,22800.0,1.0,22700.0,1.0,22600.0,1.0,22500.0,1.0,23500.0,0.14,23600.0,1.0,23700.0,1.0,23800.0,1.0,23900.0,1.0,24000.0,1.0,24100.0,1.0,24200.0,1.0,24300.0,1.0,24400.0,1.0
000629.SZ,2020-08-07,09:30:17,23500.0,0.0,0.0,23400.0,1.0,23300.0,1.0,23200.0,1.0,23100.0,1,23000.0,1.0,22900.0,1.0,22800.0,1.0,22700.0,1.0,22600.0,1.0,22500.0,1.0,23500.0,0.15,23600.0,1.0,23700.0,1.0,23800.0,1.0,23900.0,1.0,24000.0,1.0,24100.0,1.0,24200.0,1.0,24300.0,1.0,24400.0,1.0
000629.SZ,2020-08-07,09:30:18,23500.0,0.0,0.0,23400.0,1.0,23300.0,1.0,23200.0,1.0,23100.0,1,23000.0,1.0,22900.0,1.0,22800.0,1.0,22700.0,1.0,22600.0,1.0,22500.0,1.0,23500.0,0.19,23600.0,1.0,23700.0,1.0,23800.0,1.0,23900.0,1.0,24000.0,1.0,24100.0,1.0,24200.0,1.0,24300.0,1.0,24400.0,1.0
000629.SZ,2020-08-07,09:30:19,23500.0,0.1795918367346938,4220.408163265306,23400.0,1.0,23300.0,1.0,23200.0,1.0,23100.0,1,23000.0,1.0,22900.0,1.0,22800.0,1.0,22700.0,1.0,22600.0,1.0,22500.0,1.0,23500.0,0.08,23600.0,1.0,23700.0,1.0,23800.0,1.0,23900.0,1.0,24000.0,1.0,24100.0,1.0,24200.0,1.0,24300.0,1.0,24400.0,1.0
000629.SZ,2020-08-07,09:30:20,23500.0,0.1020408163265306,2387.7551020408164,23400.0,1.0,23300.0,1.0,23200.0,1.0,23100.0,1,23000.0,1.0,22900.0,1.0,22800.0,1.0,22700.0,1.0,22600.0,1.0,22500.0,1.0,23500.0,0.08,23600.0,1.0,23700.0,1.0,23800.0,1.0,23900.0,1.0,24000.0,1.0,24100.0,1.0,24200.0,1.0,24300.0,1.0,24400.0,1.0
000629.SZ,2020-08-07,09:30:21,23400.0,0.0,0.0,23400.0,1.0,23300.0,1.0,23200.0,1.0,23100.0,1,23000.0,1.0,22900.0,1.0,22800.0,1.0,22700.0,1.0,22600.0,1.0,22500.0,1.0,23500.0,0.08,23600.0,1.0,23700.0,1.0,23800.0,1.0,23900.0,1.0,24000.0,1.0,24100.0,1.0,24200.0,1.0,24300.0,1.0,24400.0,1.0
000629.SZ,2020-08-07,09:30:22,23400.0,0.1510204081632653,3548.979591836735,23500.0,0.01,23400.0,1.0,23300.0,1.0,23200.0,1,23100.0,1.0,23000.0,1.0,22900.0,1.0,22800.0,1.0,22700.0,1.0,22600.0,1.0,23600.0,1.0,23700.0,1.0,23800.0,1.0,23900.0,1.0,24000.0,1.0,24100.0,1.0,24200.0,1.0,24300.0,1.0,24400.0,1.0,24500.0,1.0
000629.SZ,2020-08-07,09:30:23,23500.0,0.0204081632653061,478.3673469387755,23400.0,1.0,23300.0,1.0,23200.0,1.0,23100.0,1,23000.0,1.0,22900.0,1.0,22800.0,1.0,22700.0,1.0,22600.0,1.0,22500.0,1.0,23500.0,0.01,23600.0,1.0,23700.0,1.0,23800.0,1.0,23900.0,1.0,24000.0,1.0,24100.0,1.0,24200.0,1.0,24300.0,1.0,24400.0,1.0
000629.SZ,2020-08-07,09:30:24,23400.0,0.0095238095238095,223.80952380952385,23400.0,1.0,23300.0,1.0,23200.0,1.0,23100.0,1,23000.0,1.0,22900.0,1.0,22800.0,1.0,22700.0,1.0,22600.0,1.0,22500.0,1.0,23500.0,0.01,23600.0,1.0,23700.0,1.0,23800.0,1.0,23900.0,1.0,24000.0,1.0,24100.0,1.0,24200.0,1.0,24300.0,1.0,24400.0,1.0
000629.SZ,2020-08-07,09:30:25,23500.0,0.2761904761904762,6486.333333333334,23500.0,0.46,23400.0,1.0,23300.0,1.0,23200.0,1,23100.0,1.0,23000.0,1.0,22900.0,1.0,22800.0,1.0,22700.0,1.0,22600.0,1.0,23600.0,1.0,23700.0,1.0,23800.0,1.0,23900.0,1.0,24000.0,1.0,24100.0,1.0,24200.0,1.0,24300.0,1.0,24400.0,1.0,24500.0,1.0
000629.SZ,2020-08-07,09:30:26,23500.0,0.1319727891156462,3101.3605442176868,23500.0,0.37,23400.0,1.0,23300.0,1.0,23200.0,1,23100.0,1.0,23000.0,1.0,22900.0,1.0,22800.0,1.0,22700.0,1.0,22600.0,1.0,23600.0,1.0,23700.0,1.0,23800.0,1.0,23900.0,1.0,24000.0,1.0,24100.0,1.0,24200.0,1.0,24300.0,1.0,24400.0,1.0,24500.0,1.0
000629.SZ,2020-08-07,09:30:27,23500.0,0.2802721088435374,6586.39455782313,23500.0,0.18,23400.0,1.0,23300.0,1.0,23200.0,1,23100.0,1.0,23000.0,1.0,22900.0,1.0,22800.0,1.0,22700.0,1.0,22600.0,1.0,23600.0,1.0,23700.0,1.0,23800.0,1.0,23900.0,1.0,24000.0,1.0,24100.0,1.0,24200.0,1.0,24300.0,1.0,24400.0,1.0,24500.0,1.0
000629.SZ,2020-08-07,09:30:28,23500.0,0.272108843537415,6394.557823129252,23500.0,0.3,23400.0,1.0,23300.0,1.0,23200.0,1,23100.0,1.0,23000.0,1.0,22900.0,1.0,22800.0,1.0,22700.0,1.0,22600.0,1.0,23600.0,1.0,23700.0,1.0,23800.0,1.0,23900.0,1.0,24000.0,1.0,24100.0,1.0,24200.0,1.0,24300.0,1.0,24400.0,1.0,24500.0,1.0
000629.SZ,2020-08-07,09:30:29,23500.0,0.1047619047619047,2461.904761904762,23500.0,1.0,23400.0,1.0,23300.0,1.0,23200.0,1,23100.0,1.0,23000.0,1.0,22900.0,1.0,22800.0,1.0,22700.0,1.0,22600.0,1.0,23600.0,1.0,23700.0,1.0,23800.0,1.0,23900.0,1.0,24000.0,1.0,24100.0,1.0,24200.0,1.0,24300.0,1.0,24400.0,1.0,24500.0,1.0
000629.SZ,2020-08-07,09:30:30,23500.0,0.0312925170068027,735.374149659864,23500.0,1.0,23400.0,1.0,23300.0,1.0,23200.0,1,23100.0,1.0,23000.0,1.0,22900.0,1.0,22800.0,1.0,22700.0,1.0,22600.0,1.0,23600.0,1.0,23700.0,1.0,23800.0,1.0,23900.0,1.0,24000.0,1.0,24100.0,1.0,24200.0,1.0,24300.0,1.0,24400.0,1.0,24500.0,1.0
000629.SZ,2020-08-07,09:30:31,23500.0,0.472625850340136,11106.707482993195,23500.0,1.0,23400.0,1.0,23300.0,1.0,23200.0,1,23100.0,1.0,23000.0,1.0,22900.0,1.0,22800.0,1.0,22700.0,1.0,22600.0,1.0,23600.0,1.0,23700.0,1.0,23800.0,1.0,23900.0,1.0,24000.0,1.0,24100.0,1.0,24200.0,1.0,24300.0,1.0,24400.0,1.0,24500.0,1.0
000629.SZ,2020-08-07,09:30:32,23500.0,0.0435374149659863,1027.4829931972788,23500.0,1.0,23400.0,1.0,23300.0,1.0,23200.0,1,23100.0,1.0,23000.0,1.0,22900.0,1.0,22800.0,1.0,22700.0,1.0,22600.0,1.0,23600.0,1.0,23700.0,1.0,23800.0,1.0,23900.0,1.0,24000.0,1.0,24100.0,1.0,24200.0,1.0,24300.0,1.0,24400.0,1.0,24500.0,1.0
000629.SZ,2020-08-07,09:30:33,23600.0,0.0,0.0,23500.0,1.0,23400.0,1.0,23300.0,1.0,23200.0,1,23100.0,1.0,23000.0,1.0,22900.0,1.0,22800.0,1.0,22700.0,1.0,22600.0,1.0,23600.0,1.0,23700.0,1.0,23800.0,1.0,23900.0,1.0,24000.0,1.0,24100.0,1.0,24200.0,1.0,24300.0,1.0,24400.0,1.0,24500.0,1.0
000629.SZ,2020-08-07,09:30:34,23600.0,0.0,0.0,23500.0,1.0,23400.0,1.0,23300.0,1.0,23200.0,1,23100.0,1.0,23000.0,1.0,22900.0,1.0,22800.0,1.0,22700.0,1.0,22600.0,1.0,23600.0,1.0,23700.0,1.0,23800.0,1.0,23900.0,1.0,24000.0,1.0,24100.0,1.0,24200.0,1.0,24300.0,1.0,24400.0,1.0,24500.0,1.0
000629.SZ,2020-08-07,09:30:35,23600.0,0.0,0.0,23500.0,1.0,23400.0,1.0,23300.0,1.0,23200.0,1,23100.0,1.0,23000.0,1.0,22900.0,1.0,22800.0,1.0,22700.0,1.0,22600.0,1.0,23600.0,1.0,23700.0,1.0,23800.0,1.0,23900.0,1.0,24000.0,1.0,24100.0,1.0,24200.0,1.0,24300.0,1.0,24400.0,1.0,24500.0,1.0
000629.SZ,2020-08-07,09:30:36,23600.0,0.0272108843537414,639.4557823129252,23500.0,1.0,23400.0,1.0,23300.0,1.0,23200.0,1,23100.0,1.0,23000.0,1.0,22900.0,1.0,22800.0,1.0,22700.0,1.0,22600.0,1.0,23600.0,1.0,23700.0,1.0,23800.0,1.0,23900.0,1.0,24000.0,1.0,24100.0,1.0,24200.0,1.0,24300.0,1.0,24400.0,1.0,24500.0,1.0
000629.SZ,2020-08-07,09:30:37,23500.0,1.0,23585.0,23500.0,1.0,23400.0,1.0,23300.0,1.0,23200.0,1,23100.0,1.0,23000.0,1.0,22900.0,1.0,22800.0,1.0,22700.0,1.0,22600.0,1.0,23600.0,1.0,23700.0,1.0,23800.0,1.0,23900.0,1.0,24000.0,1.0,24100.0,1.0,24200.0,1.0,24300.0,1.0,24400.0,1.0,24500.0,1.0
000629.SZ,2020-08-07,09:30:38,23500.0,1.0,23591.0,23500.0,1.0,23400.0,1.0,23300.0,1.0,23200.0,1,23100.0,1.0,23000.0,1.0,22900.0,1.0,22800.0,1.0,22700.0,1.0,22600.0,1.0,23600.0,1.0,23700.0,1.0,23800.0,1.0,23900.0,1.0,24000.0,1.0,24100.0,1.0,24200.0,1.0,24300.0,1.0,24400.0,1.0,24500.0,1.0
000629.SZ,2020-08-07,09:30:39,23600.0,0.0,0.0,23500.0,1.0,23400.0,1.0,23300.0,1.0,23200.0,1,23100.0,1.0,23000.0,1.0,22900.0,1.0,22800.0,1.0,22700.0,1.0,22600.0,1.0,23600.0,1.0,23700.0,1.0,23800.0,1.0,23900.0,1.0,24000.0,1.0,24100.0,1.0,24200.0,1.0,24300.0,1.0,24400.0,1.0,24500.0,1.0
000629.SZ,2020-08-07,09:30:40,23600.0,0.0816326530612244,1918.3673469387757,23500.0,1.0,23400.0,1.0,23300.0,1.0,23200.0,1,23100.0,1.0,23000.0,1.0,22900.0,1.0,22800.0,1.0,22700.0,1.0,22600.0,1.0,23600.0,1.0,23700.0,1.0,23800.0,1.0,23900.0,1.0,24000.0,1.0,24100.0,1.0,24200.0,1.0,24300.0,1.0,24400.0,1.0,24500.0,1.0
000629.SZ,2020-08-07,09:30:41,23500.0,0.0693877551020408,1630.6122448979593,23500.0,1.0,23400.0,1.0,23300.0,1.0,23200.0,1,23100.0,1.0,23000.0,1.0,22900.0,1.0,22800.0,1.0,22700.0,1.0,22600.0,1.0,23600.0,1.0,23700.0,1.0,23800.0,1.0,23900.0,1.0,24000.0,1.0,24100.0,1.0,24200.0,1.0,24300.0,1.0,24400.0,1.0,24500.0,1.0
000629.SZ,2020-08-07,09:30:42,23500.0,0.4081632653061224,9632.65306122449,23500.0,1.0,23400.0,1.0,23300.0,1.0,23200.0,1,23100.0,1.0,23000.0,1.0,22900.0,1.0,22800.0,1.0,22700.0,1.0,22600.0,1.0,23600.0,1.0,23700.0,1.0,23800.0,1.0,23900.0,1.0,24000.0,1.0,24100.0,1.0,24200.0,1.0,24300.0,1.0,24400.0,1.0,24500.0,1.0
000629.SZ,2020-08-07,09:30:43,23600.0,0.0054421768707482,127.89115646258504,23500.0,1.0,23400.0,1.0,23300.0,1.0,23200.0,1,23100.0,1.0,23000.0,1.0,22900.0,1.0,22800.0,1.0,22700.0,1.0,22600.0,1.0,23600.0,1.0,23700.0,1.0,23800.0,1.0,23900.0,1.0,24000.0,1.0,24100.0,1.0,24200.0,1.0,24300.0,1.0,24400.0,1.0,24500.0,1.0
000629.SZ,2020-08-07,09:30:44,23500.0,0.308843537414966,7257.823129251701,23500.0,1.0,23400.0,1.0,23300.0,1.0,23200.0,1,23100.0,1.0,23000.0,1.0,22900.0,1.0,22800.0,1.0,22700.0,1.0,22600.0,1.0,23600.0,1.0,23700.0,1.0,23800.0,1.0,23900.0,1.0,24000.0,1.0,24100.0,1.0,24200.0,1.0,24300.0,1.0,24400.0,1.0,24500.0,1.0
000629.SZ,2020-08-07,09:30:45,23500.0,1.0,23420.0,23400.0,1.0,23300.0,1.0,23200.0,1.0,23100.0,1,23000.0,1.0,22900.0,1.0,22800.0,1.0,22700.0,1.0,22600.0,1.0,22500.0,1.0,23500.0,0.04,23600.0,1.0,23700.0,1.0,23800.0,1.0,23900.0,1.0,24000.0,1.0,24100.0,1.0,24200.0,1.0,24300.0,1.0,24400.0,1.0
000629.SZ,2020-08-07,09:30:46,23500.0,0.0,0.0,23400.0,1.0,23300.0,1.0,23200.0,1.0,23100.0,1,23000.0,1.0,22900.0,1.0,22800.0,1.0,22700.0,1.0,22600.0,1.0,22500.0,1.0,23500.0,0.06,23600.0,1.0,23700.0,1.0,23800.0,1.0,23900.0,1.0,24000.0,1.0,24100.0,1.0,24200.0,1.0,24300.0,1.0,24400.0,1.0
000629.SZ,2020-08-07,09:30:47,23500.0,1.0,23591.0,23500.0,0.0,23400.0,1.0,23300.0,1.0,23200.0,1,23100.0,1.0,23000.0,1.0,22900.0,1.0,22800.0,1.0,22700.0,1.0,22600.0,1.0,23600.0,1.0,23700.0,1.0,23800.0,1.0,23900.0,1.0,24000.0,1.0,24100.0,1.0,24200.0,1.0,24300.0,1.0,24400.0,1.0,24500.0,1.0
000629.SZ,2020-08-07,09:30:48,23600.0,0.1641088435374149,3856.557823129252,23400.0,1.0,23300.0,1.0,23200.0,1.0,23100.0,1,23000.0,1.0,22900.0,1.0,22800.0,1.0,22700.0,1.0,22600.0,1.0,22500.0,1.0,23500.0,0.02,23600.0,1.0,23700.0,1.0,23800.0,1.0,23900.0,1.0,24000.0,1.0,24100.0,1.0,24200.0,1.0,24300.0,1.0,24400.0,1.0
000629.SZ,2020-08-07,09:30:49,23500.0,0.0081632653061224,191.8367346938776,23400.0,1.0,23300.0,1.0,23200.0,1.0,23100.0,1,23000.0,1.0,22900.0,1.0,22800.0,1.0,22700.0,1.0,22600.0,1.0,22500.0,1.0,23500.0,0.03,23600.0,1.0,23700.0,1.0,23800.0,1.0,23900.0,1.0,24000.0,1.0,24100.0,1.0,24200.0,1.0,24300.0,1.0,24400.0,1.0
000629.SZ,2020-08-07,09:30:50,23500.0,0.2789115646258503,6554.421768707482,23400.0,1.0,23300.0,1.0,23200.0,1.0,23100.0,1,23000.0,1.0,22900.0,1.0,22800.0,1.0,22700.0,1.0,22600.0,1.0,22500.0,1.0,23500.0,0.02,23600.0,1.0,23700.0,1.0,23800.0,1.0,23900.0,1.0,24000.0,1.0,24100.0,1.0,24200.0,1.0,24300.0,1.0,24400.0,1.0
000629.SZ,2020-08-07,09:30:51,23500.0,0.0290884353741496,683.578231292517,23500.0,0.0,23400.0,1.0,23300.0,1.0,23200.0,1,23100.0,1.0,23000.0,1.0,22900.0,1.0,22800.0,1.0,22700.0,1.0,22600.0,1.0,23600.0,1.0,23700.0,1.0,23800.0,1.0,23900.0,1.0,24000.0,1.0,24100.0,1.0,24200.0,1.0,24300.0,1.0,24400.0,1.0,24500.0,1.0
000629.SZ,2020-08-07,09:30:52,23500.0,0.0008435374149659,19.82312925170068,23400.0,1.0,23300.0,1.0,23200.0,1.0,23100.0,1,23000.0,1.0,22900.0,1.0,22800.0,1.0,22700.0,1.0,22600.0,1.0,22500.0,1.0,23500.0,0.0,23600.0,1.0,23700.0,1.0,23800.0,1.0,23900.0,1.0,24000.0,1.0,24100.0,1.0,24200.0,1.0,24300.0,1.0,24400.0,1.0
000629.SZ,2020-08-07,09:30:53,23500.0,0.0380952380952381,895.2380952380953,23400.0,1.0,23300.0,1.0,23200.0,1.0,23100.0,1,23000.0,1.0,22900.0,1.0,22800.0,1.0,22700.0,1.0,22600.0,1.0,22500.0,1.0,23500.0,0.33,23600.0,1.0,23700.0,1.0,23800.0,1.0,23900.0,1.0,24000.0,1.0,24100.0,1.0,24200.0,1.0,24300.0,1.0,24400.0,1.0
000629.SZ,2020-08-07,09:30:54,23500.0,0.4585034013605442,10774.82993197279,23400.0,1.0,23300.0,1.0,23200.0,1.0,23100.0,1,23000.0,1.0,22900.0,1.0,22800.0,1.0,22700.0,1.0,22600.0,1.0,22500.0,1.0,23500.0,0.03,23600.0,1.0,23700.0,1.0,23800.0,1.0,23900.0,1.0,24000.0,1.0,24100.0,1.0,24200.0,1.0,24300.0,1.0,24400.0,1.0
000629.SZ,2020-08-07,09:30:55,23500.0,0.091156462585034,2142.1768707482997,23400.0,1.0,23300.0,1.0,23200.0,1.0,23100.0,1,23000.0,1.0,22900.0,1.0,22800.0,1.0,22700.0,1.0,22600.0,1.0,22500.0,1.0,23500.0,0.01,23600.0,1.0,23700.0,1.0,23800.0,1.0,23900.0,1.0,24000.0,1.0,24100.0,1.0,24200.0,1.0,24300.0,1.0,24400.0,1.0
000629.SZ,2020-08-07,09:30:56,23500.0,0.0081632653061224,191.8367346938776,23400.0,1.0,23300.0,1.0,23200.0,1.0,23100.0,1,23000.0,1.0,22900.0,1.0,22800.0,1.0,22700.0,1.0,22600.0,1.0,22500.0,1.0,23600.0,1.0,23700.0,1.0,23800.0,1.0,23900.0,1.0,24000.0,1.0,24100.0,1.0,24200.0,1.0,24300.0,1.0,24400.0,1.0,24500.0,1.0
000629.SZ,2020-08-07,09:30:57,23500.0,0.1306122448979592,3058.9387755102043,23400.0,1.0,23300.0,1.0,23200.0,1.0,23100.0,1,23000.0,1.0,22900.0,1.0,22800.0,1.0,22700.0,1.0,22600.0,1.0,22500.0,1.0,23600.0,1.0,23700.0,1.0,23800.0,1.0,23900.0,1.0,24000.0,1.0,24100.0,1.0,24200.0,1.0,24300.0,1.0,24400.0,1.0,24500.0,1.0
000629.SZ,2020-08-07,09:30:58,23400.0,0.6312925170068027,14835.374149659863,23400.0,1.0,23300.0,1.0,23200.0,1.0,23100.0,1,23000.0,1.0,22900.0,1.0,22800.0,1.0,22700.0,1.0,22600.0,1.0,22500.0,1.0,23500.0,0.01,23600.0,1.0,23700.0,1.0,23800.0,1.0,23900.0,1.0,24000.0,1.0,24100.0,1.0,24200.0,1.0,24300.0,1.0,24400.0,1.0
000629.SZ,2020-08-07,09:30:59,23500.0,0.1972789115646258,4632.897959183673,23400.0,1.0,23300.0,1.0,23200.0,1.0,23100.0,1,23000.0,1.0,22900.0,1.0,22800.0,1.0,22700.0,1.0,22600.0,1.0,22500.0,1.0,23500.0,0.02,23600.0,1.0,23700.0,1.0,23800.0,1.0,23900.0,1.0,24000.0,1.0,24100.0,1.0,24200.0,1.0,24300.0,1.0,24400.0,1.0
000629.SZ,2020-08-07,09:31:00,23500.0,0.0,0.0,23400.0,1.0,23300.0,1.0,23200.0,1.0,23100.0,1,23000.0,1.0,22900.0,1.0,22800.0,1.0,22700.0,1.0,22600.0,1.0,22500.0,1.0,23500.0,1.0,23600.0,1.0,23700.0,1.0,23800.0,1.0,23900.0,1.0,24000.0,1.0,24100.0,1.0,24200.0,1.0,24300.0,1.0,24400.0,1.0
000629.SZ,2020-08-07,09:31:01,23500.0,0.0136054421768707,319.7278911564626,23400.0,1.0,23300.0,1.0,23200.0,1.0,23100.0,1,23000.0,1.0,22900.0,1.0,22800.0,1.0,22700.0,1.0,22600.0,1.0,22500.0,1.0,23500.0,1.0,23600.0,1.0,23700.0,1.0,23800.0,1.0,23900.0,1.0,24000.0,1.0,24100.0,1.0,24200.0,1.0,24300.0,1.0,24400.0,1.0
000629.SZ,2020-08-07,09:31:02,23500.0,0.0136054421768707,319.7278911564626,23400.0,1.0,23300.0,1.0,23200.0,1.0,23100.0,1,23000.0,1.0,22900.0,1.0,22800.0,1.0,22700.0,1.0,22600.0,1.0,22500.0,1.0,23500.0,1.0,23600.0,1.0,23700.0,1.0,23800.0,1.0,23900.0,1.0,24000.0,1.0,24100.0,1.0,24200.0,1.0,24300.0,1.0,24400.0,1.0
000629.SZ,2020-08-07,09:31:03,23500.0,0.0136054421768707,318.3673469387755,23400.0,1.0,23300.0,1.0,23200.0,1.0,23100.0,1,23000.0,1.0,22900.0,1.0,22800.0,1.0,22700.0,1.0,22600.0,1.0,22500.0,1.0,23500.0,1.0,23600.0,1.0,23700.0,1.0,23800.0,1.0,23900.0,1.0,24000.0,1.0,24100.0,1.0,24200.0,1.0,24300.0,1.0,24400.0,1.0
000629.SZ,2020-08-07,09:31:04,23400.0,1.0,23400.0,23400.0,1.0,23300.0,1.0,23200.0,1.0,23100.0,1,23000.0,1.0,22900.0,1.0,22800.0,1.0,22700.0,1.0,22600.0,1.0,22500.0,1.0,23500.0,1.0,23600.0,1.0,23700.0,1.0,23800.0,1.0,23900.0,1.0,24000.0,1.0,24100.0,1.0,24200.0,1.0,24300.0,1.0,24400.0,1.0
000629.SZ,2020-08-07,09:31:05,23400.0,0.3020408163265306,7094.938775510204,23400.0,0.98,23300.0,1.0,23200.0,1.0,23100.0,1,23000.0,1.0,22900.0,1.0,22800.0,1.0,22700.0,1.0,22600.0,1.0,22500.0,1.0,23500.0,1.0,23600.0,1.0,23700.0,1.0,23800.0,1.0,23900.0,1.0,24000.0,1.0,24100.0,1.0,24200.0,1.0,24300.0,1.0,24400.0,1.0
000629.SZ,2020-08-07,09:31:06,23400.0,0.0,0.0,23400.0,0.98,23300.0,1.0,23200.0,1.0,23100.0,1,23000.0,1.0,22900.0,1.0,22800.0,1.0,22700.0,1.0,22600.0,1.0,22500.0,1.0,23500.0,1.0,23600.0,1.0,23700.0,1.0,23800.0,1.0,23900.0,1.0,24000.0,1.0,24100.0,1.0,24200.0,1.0,24300.0,1.0,24400.0,1.0
000629.SZ,2020-08-07,09:31:07,23400.0,0.0748299319727891,1751.0204081632653,23400.0,0.96,23300.0,1.0,23200.0,1.0,23100.0,1,23000.0,1.0,22900.0,1.0,22800.0,1.0,22700.0,1.0,22600.0,1.0,22500.0,1.0,23500.0,1.0,23600.0,1.0,23700.0,1.0,23800.0,1.0,23900.0,1.0,24000.0,1.0,24100.0,1.0,24200.0,1.0,24300.0,1.0,24400.0,1.0
000629.SZ,2020-08-07,09:31:08,23400.0,0.5346938775510204,12544.98775510204,23400.0,0.82,23300.0,1.0,23200.0,1.0,23100.0,1,23000.0,1.0,22900.0,1.0,22800.0,1.0,22700.0,1.0,22600.0,1.0,22500.0,1.0,23500.0,1.0,23600.0,1.0,23700.0,1.0,23800.0,1.0,23900.0,1.0,24000.0,1.0,24100.0,1.0,24200.0,1.0,24300.0,1.0,24400.0,1.0
000629.SZ,2020-08-07,09:31:09,23400.0,0.1755102040816326,4107.114285714286,23400.0,1.0,23300.0,1.0,23200.0,1.0,23100.0,1,23000.0,1.0,22900.0,1.0,22800.0,1.0,22700.0,1.0,22600.0,1.0,22500.0,1.0,23500.0,1.0,23600.0,1.0,23700.0,1.0,23800.0,1.0,23900.0,1.0,24000.0,1.0,24100.0,1.0,24200.0,1.0,24300.0,1.0,24400.0,1.0
000629.SZ,2020-08-07,09:31:10,23500.0,1.0,23400.0,23400.0,0.1,23300.0,1.0,23200.0,1.0,23100.0,1,23000.0,1.0,22900.0,1.0,22800.0,1.0,22700.0,1.0,22600.0,1.0,22500.0,1.0,23500.0,1.0,23600.0,1.0,23700.0,1.0,23800.0,1.0,23900.0,1.0,24000.0,1.0,24100.0,1.0,24200.0,1.0,24300.0,1.0,24400.0,1.0
000629.SZ,2020-08-07,09:31:11,23400.0,0.0843537414965986,1973.877551020408,23400.0,0.1,23300.0,1.0,23200.0,1.0,23100.0,1,23000.0,1.0,22900.0,1.0,22800.0,1.0,22700.0,1.0,22600.0,1.0,22500.0,1.0,23500.0,1.0,23600.0,1.0,23700.0,1.0,23800.0,1.0,23900.0,1.0,24000.0,1.0,24100.0,1.0,24200.0,1.0,24300.0,1.0,24400.0,1.0
000629.SZ,2020-08-07,09:31:12,23400.0,0.4176870748299319,9773.877551020409,23400.0,0.14,23300.0,1.0,23200.0,1.0,23100.0,1,23000.0,1.0,22900.0,1.0,22800.0,1.0,22700.0,1.0,22600.0,1.0,22500.0,1.0,23500.0,1.0,23600.0,1.0,23700.0,1.0,23800.0,1.0,23900.0,1.0,24000.0,1.0,24100.0,1.0,24200.0,1.0,24300.0,1.0,24400.0,1.0
000629.SZ,2020-08-07,09:31:13,23400.0,0.1251700680272109,2928.979591836735,23400.0,0.24,23300.0,1.0,23200.0,1.0,23100.0,1,23000.0,1.0,22900.0,1.0,22800.0,1.0,22700.0,1.0,22600.0,1.0,22500.0,1.0,23500.0,1.0,23600.0,1.0,23700.0,1.0,23800.0,1.0,23900.0,1.0,24000.0,1.0,24100.0,1.0,24200.0,1.0,24300.0,1.0,24400.0,1.0
000629.SZ,2020-08-07,09:31:14,23400.0,0.0,0.0,23400.0,0.26,23300.0,1.0,23200.0,1.0,23100.0,1,23000.0,1.0,22900.0,1.0,22800.0,1.0,22700.0,1.0,22600.0,1.0,22500.0,1.0,23500.0,1.0,23600.0,1.0,23700.0,1.0,23800.0,1.0,23900.0,1.0,24000.0,1.0,24100.0,1.0,24200.0,1.0,24300.0,1.0,24400.0,1.0
000629.SZ,2020-08-07,09:31:15,23400.0,0.0,0.0,23400.0,0.45,23300.0,1.0,23200.0,1.0,23100.0,1,23000.0,1.0,22900.0,1.0,22800.0,1.0,22700.0,1.0,22600.0,1.0,22500.0,1.0,23500.0,1.0,23600.0,1.0,23700.0,1.0,23800.0,1.0,23900.0,1.0,24000.0,1.0,24100.0,1.0,24200.0,1.0,24300.0,1.0,24400.0,1.0
000629.SZ,2020-08-07,09:31:16,23400.0,0.2272108843537415,5316.734693877552,23400.0,0.34,23300.0,1.0,23200.0,1.0,23100.0,1,23000.0,1.0,22900.0,1.0,22800.0,1.0,22700.0,1.0,22600.0,1.0,22500.0,1.0,23500.0,1.0,23600.0,1.0,23700.0,1.0,23800.0,1.0,23900.0,1.0,24000.0,1.0,24100.0,1.0,24200.0,1.0,24300.0,1.0,24400.0,1.0
000629.SZ,2020-08-07,09:31:17,23400.0,0.0503401360544217,1177.9591836734694,23400.0,0.32,23300.0,1.0,23200.0,1.0,23100.0,1,23000.0,1.0,22900.0,1.0,22800.0,1.0,22700.0,1.0,22600.0,1.0,22500.0,1.0,23500.0,1.0,23600.0,1.0,23700.0,1.0,23800.0,1.0,23900.0,1.0,24000.0,1.0,24100.0,1.0,24200.0,1.0,24300.0,1.0,24400.0,1.0
000629.SZ,2020-08-07,09:31:18,23400.0,0.3510204081632653,8213.877551020409,23400.0,0.1,23300.0,1.0,23200.0,1.0,23100.0,1,23000.0,1.0,22900.0,1.0,22800.0,1.0,22700.0,1.0,22600.0,1.0,22500.0,1.0,23500.0,1.0,23600.0,1.0,23700.0,1.0,23800.0,1.0,23900.0,1.0,24000.0,1.0,24100.0,1.0,24200.0,1.0,24300.0,1.0,24400.0,1.0
000629.SZ,2020-08-07,09:31:19,23400.0,0.1251700680272109,2928.979591836735,23400.0,0.14,23300.0,1.0,23200.0,1.0,23100.0,1,23000.0,1.0,22900.0,1.0,22800.0,1.0,22700.0,1.0,22600.0,1.0,22500.0,1.0,23500.0,1.0,23600.0,1.0,23700.0,1.0,23800.0,1.0,23900.0,1.0,24000.0,1.0,24100.0,1.0,24200.0,1.0,24300.0,1.0,24400.0,1.0
000629.SZ,2020-08-07,09:31:20,23400.0,0.0612244897959183,1432.65306122449,23400.0,0.11,23300.0,1.0,23200.0,1.0,23100.0,1,23000.0,1.0,22900.0,1.0,22800.0,1.0,22700.0,1.0,22600.0,1.0,22500.0,1.0,23500.0,1.0,23600.0,1.0,23700.0,1.0,23800.0,1.0,23900.0,1.0,24000.0,1.0,24100.0,1.0,24200.0,1.0,24300.0,1.0,24400.0,1.0
000629.SZ,2020-08-07,09:31:21,23400.0,0.0380952380952381,888.2666666666668,23300.0,1.0,23200.0,1.0,23100.0,1.0,23000.0,1,22900.0,1.0,22800.0,1.0,22700.0,1.0,22600.0,1.0,22500.0,1.0,22400.0,0.26,23500.0,1.0,23600.0,1.0,23700.0,1.0,23800.0,1.0,23900.0,1.0,24000.0,1.0,24100.0,1.0,24200.0,1.0,24300.0,1.0,24400.0,1.0
000629.SZ,2020-08-07,09:31:22,23300.0,0.4897959183673469,11469.061224489797,23300.0,1.0,23200.0,1.0,23100.0,1.0,23000.0,1,22900.0,1.0,22800.0,1.0,22700.0,1.0,22600.0,1.0,22500.0,1.0,22400.0,0.26,23500.0,1.0,23600.0,1.0,23700.0,1.0,23800.0,1.0,23900.0,1.0,24000.0,1.0,24100.0,1.0,24200.0,1.0,24300.0,1.0,24400.0,1.0
000629.SZ,2020-08-07,09:31:23,23400.0,0.1523809523809524,3558.552380952381,23300.0,1.0,23200.0,1.0,23100.0,1.0,23000.0,1,22900.0,1.0,22800.0,1.0,22700.0,1.0,22600.0,1.0,22500.0,1.0,22400.0,0.26,23400.0,0.13,23500.0,1.0,23600.0,1.0,23700.0,1.0,23800.0,1.0,23900.0,1.0,24000.0,1.0,24100.0,1.0,24200.0,1.0,24300.0,1.0
000629.SZ,2020-08-07,09:31:24,23300.0,0.3619047619047619,8461.695238095237,23300.0,1.0,23200.0,1.0,23100.0,1.0,23000.0,1,22900.0,1.0,22800.0,1.0,22700.0,1.0,22600.0,1.0,22500.0,1.0,22400.0,0.26,23500.0,1.0,23600.0,1.0,23700.0,1.0,23800.0,1.0,23900.0,1.0,24000.0,1.0,24100.0,1.0,24200.0,1.0,24300.0,1.0,24400.0,1.0
000629.SZ,2020-08-07,09:31:25,23300.0,0.8462585034013606,19802.44897959184,23300.0,1.0,23200.0,1.0,23100.0,1.0,23000.0,1,22900.0,1.0,22800.0,1.0,22700.0,1.0,22600.0,1.0,22500.0,1.0,22400.0,0.26,23400.0,0.1,23500.0,1.0,23600.0,1.0,23700.0,1.0,23800.0,1.0,23900.0,1.0,24000.0,1.0,24100.0,1.0,24200.0,1.0,24300.0,1.0
000629.SZ,2020-08-07,09:31:26,23400.0,0.1510204081632653,3533.877551020408,23400.0,0.05,23300.0,1.0,23200.0,1.0,23100.0,1,23000.0,1.0,22900.0,1.0,22800.0,1.0,22700.0,1.0,22600.0,1.0,22500.0,1.0,23500.0,1.0,23600.0,1.0,23700.0,1.0,23800.0,1.0,23900.0,1.0,24000.0,1.0,24100.0,1.0,24200.0,1.0,24300.0,1.0,24400.0,1.0
000629.SZ,2020-08-07,09:31:27,23400.0,0.0136054421768707,318.3673469387755,23400.0,0.94,23300.0,1.0,23200.0,1.0,23100.0,1,23000.0,1.0,22900.0,1.0,22800.0,1.0,22700.0,1.0,22600.0,1.0,22500.0,1.0,23500.0,1.0,23600.0,1.0,23700.0,1.0,23800.0,1.0,23900.0,1.0,24000.0,1.0,24100.0,1.0,24200.0,1.0,24300.0,1.0,24400.0,1.0
000629.SZ,2020-08-07,09:31:28,23400.0,0.4394557823129251,10283.265306122448,23400.0,0.65,23300.0,1.0,23200.0,1.0,23100.0,1,23000.0,1.0,22900.0,1.0,22800.0,1.0,22700.0,1.0,22600.0,1.0,22500.0,1.0,23500.0,1.0,23600.0,1.0,23700.0,1.0,23800.0,1.0,23900.0,1.0,24000.0,1.0,24100.0,1.0,24200.0,1.0,24300.0,1.0,24400.0,1.0
000629.SZ,2020-08-07,09:31:29,23400.0,0.7768707482993197,18178.77551020408,23400.0,0.14,23300.0,1.0,23200.0,1.0,23100.0,1,23000.0,1.0,22900.0,1.0,22800.0,1.0,22700.0,1.0,22600.0,1.0,22500.0,1.0,23500.0,1.0,23600.0,1.0,23700.0,1.0,23800.0,1.0,23900.0,1.0,24000.0,1.0,24100.0,1.0,24200.0,1.0,24300.0,1.0,24400.0,1.0
000629.SZ,2020-08-07,09:31:30,23400.0,0.0503401360544217,1177.9591836734694,23400.0,0.1,23300.0,1.0,23200.0,1.0,23100.0,1,23000.0,1.0,22900.0,1.0,22800.0,1.0,22700.0,1.0,22600.0,1.0,22500.0,1.0,23500.0,1.0,23600.0,1.0,23700.0,1.0,23800.0,1.0,23900.0,1.0,24000.0,1.0,24100.0,1.0,24200.0,1.0,24300.0,1.0,24400.0,1.0
000629.SZ,2020-08-07,09:31:31,23400.0,0.0,0.0,23400.0,0.1,23300.0,1.0,23200.0,1.0,23100.0,1,23000.0,1.0,22900.0,1.0,22800.0,1.0,22700.0,1.0,22600.0,1.0,22500.0,1.0,23500.0,1.0,23600.0,1.0,23700.0,1.0,23800.0,1.0,23900.0,1.0,24000.0,1.0,24100.0,1.0,24200.0,1.0,24300.0,1.0,24400.0,1.0
000629.SZ,2020-08-07,09:31:32,23400.0,0.001360544217687,31.83673469387755,23400.0,0.13,23300.0,1.0,23200.0,1.0,23100.0,1,23000.0,1.0,22900.0,1.0,22800.0,1.0,22700.0,1.0,22600.0,1.0,22500.0,1.0,23500.0,1.0,23600.0,1.0,23700.0,1.0,23800.0,1.0,23900.0,1.0,24000.0,1.0,24100.0,1.0,24200.0,1.0,24300.0,1.0,24400.0,1.0
000629.SZ,2020-08-07,09:31:33,23400.0,0.0272108843537414,636.734693877551,23400.0,0.11,23300.0,1.0,23200.0,1.0,23100.0,1,23000.0,1.0,22900.0,1.0,22800.0,1.0,22700.0,1.0,22600.0,1.0,22500.0,1.0,23500.0,1.0,23600.0,1.0,23700.0,1.0,23800.0,1.0,23900.0,1.0,24000.0,1.0,24100.0,1.0,24200.0,1.0,24300.0,1.0,24400.0,1.0
000629.SZ,2020-08-07,09:31:34,23400.0,0.0,0.0,23400.0,0.16,23300.0,1.0,23200.0,1.0,23100.0,1,23000.0,1.0,22900.0,1.0,22800.0,1.0,22700.0,1.0,22600.0,1.0,22500.0,1.0,23500.0,1.0,23600.0,1.0,23700.0,1.0,23800.0,1.0,23900.0,1.0,24000.0,1.0,24100.0,1.0,24200.0,1.0,24300.0,1.0,24400.0,1.0
000629.SZ,2020-08-07,09:31:35,23400.0,0.0,0.0,23400.0,0.16,23300.0,1.0,23200.0,1.0,23100.0,1,23000.0,1.0,22900.0,1.0,22800.0,1.0,22700.0,1.0,22600.0,1.0,22500.0,1.0,23500.0,1.0,23600.0,1.0,23700.0,1.0,23800.0,1.0,23900.0,1.0,24000.0,1.0,24100.0,1.0,24200.0,1.0,24300.0,1.0,24400.0,1.0
000629.SZ,2020-08-07,09:31:36,23400.0,0.2435374149659863,5698.775510204081,23300.0,1.0,23200.0,1.0,23100.0,1.0,23000.0,1,22900.0,1.0,22800.0,1.0,22700.0,1.0,22600.0,1.0,22500.0,1.0,22400.0,0.26,23400.0,0.15,23500.0,1.0,23600.0,1.0,23700.0,1.0,23800.0,1.0,23900.0,1.0,24000.0,1.0,24100.0,1.0,24200.0,1.0,24300.0,1.0
000629.SZ,2020-08-07,09:31:37,23400.0,0.308843537414966,7226.938775510204,23400.0,0.45,23300.0,1.0,23200.0,1.0,23100.0,1,23000.0,1.0,22900.0,1.0,22800.0,1.0,22700.0,1.0,22600.0,1.0,22500.0,1.0,23500.0,1.0,23600.0,1.0,23700.0,1.0,23800.0,1.0,23900.0,1.0,24000.0,1.0,24100.0,1.0,24200.0,1.0,24300.0,1.0,24400.0,1.0
000629.SZ,2020-08-07,09:31:38,23400.0,0.1578231292517006,3693.061224489796,23400.0,0.61,23300.0,1.0,23200.0,1.0,23100.0,1,23000.0,1.0,22900.0,1.0,22800.0,1.0,22700.0,1.0,22600.0,1.0,22500.0,1.0,23500.0,1.0,23600.0,1.0,23700.0,1.0,23800.0,1.0,23900.0,1.0,24000.0,1.0,24100.0,1.0,24200.0,1.0,24300.0,1.0,24400.0,1.0
000629.SZ,2020-08-07,09:31:39,23400.0,0.6204081632653061,14517.551020408164,23400.0,1.0,23300.0,1.0,23200.0,1.0,23100.0,1,23000.0,1.0,22900.0,1.0,22800.0,1.0,22700.0,1.0,22600.0,1.0,22500.0,1.0,23500.0,1.0,23600.0,1.0,23700.0,1.0,23800.0,1.0,23900.0,1.0,24000.0,1.0,24100.0,1.0,24200.0,1.0,24300.0,1.0,24400.0,1.0
000629.SZ,2020-08-07,09:31:40,23400.0,0.0,0.0,23400.0,1.0,23300.0,1.0,23200.0,1.0,23100.0,1,23000.0,1.0,22900.0,1.0,22800.0,1.0,22700.0,1.0,22600.0,1.0,22500.0,1.0,23500.0,1.0,23600.0,1.0,23700.0,1.0,23800.0,1.0,23900.0,1.0,24000.0,1.0,24100.0,1.0,24200.0,1.0,24300.0,1.0,24400.0,1.0
000629.SZ,2020-08-07,09:31:41,23400.0,0.1346938775510204,3154.5306122448983,23400.0,1.0,23300.0,1.0,23200.0,1.0,23100.0,1,23000.0,1.0,22900.0,1.0,22800.0,1.0,22700.0,1.0,22600.0,1.0,22500.0,1.0,23500.0,1.0,23600.0,1.0,23700.0,1.0,23800.0,1.0,23900.0,1.0,24000.0,1.0,24100.0,1.0,24200.0,1.0,24300.0,1.0,24400.0,1.0
000629.SZ,2020-08-07,09:31:42,23500.0,0.2816326530612245,6590.204081632653,23400.0,1.0,23300.0,1.0,23200.0,1.0,23100.0,1,23000.0,1.0,22900.0,1.0,22800.0,1.0,22700.0,1.0,22600.0,1.0,22500.0,1.0,23500.0,1.0,23600.0,1.0,23700.0,1.0,23800.0,1.0,23900.0,1.0,24000.0,1.0,24100.0,1.0,24200.0,1.0,24300.0,1.0,24400.0,1.0
000629.SZ,2020-08-07,09:31:43,23400.0,0.0,0.0,23400.0,1.0,23300.0,1.0,23200.0,1.0,23100.0,1,23000.0,1.0,22900.0,1.0,22800.0,1.0,22700.0,1.0,22600.0,1.0,22500.0,1.0,23500.0,1.0,23600.0,1.0,23700.0,1.0,23800.0,1.0,23900.0,1.0,24000.0,1.0,24100.0,1.0,24200.0,1.0,24300.0,1.0,24400.0,1.0
000629.SZ,2020-08-07,09:31:44,23400.0,0.019047619047619,447.0666666666667,23400.0,1.0,23300.0,1.0,23200.0,1.0,23100.0,1,23000.0,1.0,22900.0,1.0,22800.0,1.0,22700.0,1.0,22600.0,1.0,22500.0,1.0,23500.0,1.0,23600.0,1.0,23700.0,1.0,23800.0,1.0,23900.0,1.0,24000.0,1.0,24100.0,1.0,24200.0,1.0,24300.0,1.0,24400.0,1.0
000629.SZ,2020-08-07,09:31:45,23500.0,0.0272108843537414,636.734693877551,23400.0,1.0,23300.0,1.0,23200.0,1.0,23100.0,1,23000.0,1.0,22900.0,1.0,22800.0,1.0,22700.0,1.0,22600.0,1.0,22500.0,1.0,23500.0,1.0,23600.0,1.0,23700.0,1.0,23800.0,1.0,23900.0,1.0,24000.0,1.0,24100.0,1.0,24200.0,1.0,24300.0,1.0,24400.0,1.0
000629.SZ,2020-08-07,09:31:46,23400.0,0.4081632653061224,9551.020408163266,23400.0,1.0,23300.0,1.0,23200.0,1.0,23100.0,1,23000.0,1.0,22900.0,1.0,22800.0,1.0,22700.0,1.0,22600.0,1.0,22500.0,1.0,23500.0,1.0,23600.0,1.0,23700.0,1.0,23800.0,1.0,23900.0,1.0,24000.0,1.0,24100.0,1.0,24200.0,1.0,24300.0,1.0,24400.0,1.0
000629.SZ,2020-08-07,09:31:47,23400.0,0.001360544217687,31.83673469387755,23400.0,1.0,23300.0,1.0,23200.0,1.0,23100.0,1,23000.0,1.0,22900.0,1.0,22800.0,1.0,22700.0,1.0,22600.0,1.0,22500.0,1.0,23500.0,1.0,23600.0,1.0,23700.0,1.0,23800.0,1.0,23900.0,1.0,24000.0,1.0,24100.0,1.0,24200.0,1.0,24300.0,1.0,24400.0,1.0
000629.SZ,2020-08-07,09:31:48,23400.0,0.0095238095238095,222.8571428571429,23400.0,1.0,23300.0,1.0,23200.0,1.0,23100.0,1,23000.0,1.0,22900.0,1.0,22800.0,1.0,22700.0,1.0,22600.0,1.0,22500.0,1.0,23500.0,1.0,23600.0,1.0,23700.0,1.0,23800.0,1.0,23900.0,1.0,24000.0,1.0,24100.0,1.0,24200.0,1.0,24300.0,1.0,24400.0,1.0
000629.SZ,2020-08-07,09:31:49,23400.0,0.1877551020408163,4393.469387755102,23400.0,1.0,23300.0,1.0,23200.0,1.0,23100.0,1,23000.0,1.0,22900.0,1.0,22800.0,1.0,22700.0,1.0,22600.0,1.0,22500.0,1.0,23500.0,1.0,23600.0,1.0,23700.0,1.0,23800.0,1.0,23900.0,1.0,24000.0,1.0,24100.0,1.0,24200.0,1.0,24300.0,1.0,24400.0,1.0
000629.SZ,2020-08-07,09:31:50,23400.0,0.0272108843537414,636.734693877551,23400.0,1.0,23300.0,1.0,23200.0,1.0,23100.0,1,23000.0,1.0,22900.0,1.0,22800.0,1.0,22700.0,1.0,22600.0,1.0,22500.0,1.0,23500.0,1.0,23600.0,1.0,23700.0,1.0,23800.0,1.0,23900.0,1.0,24000.0,1.0,24100.0,1.0,24200.0,1.0,24300.0,1.0,24400.0,1.0
000629.SZ,2020-08-07,09:31:51,23400.0,0.0108843537414965,254.6938775510204,23400.0,1.0,23300.0,1.0,23200.0,1.0,23100.0,1,23000.0,1.0,22900.0,1.0,22800.0,1.0,22700.0,1.0,22600.0,1.0,22500.0,1.0,23500.0,1.0,23600.0,1.0,23700.0,1.0,23800.0,1.0,23900.0,1.0,24000.0,1.0,24100.0,1.0,24200.0,1.0,24300.0,1.0,24400.0,1.0
000629.SZ,2020-08-07,09:31:52,23400.0,0.001360544217687,31.83673469387755,23400.0,1.0,23300.0,1.0,23200.0,1.0,23100.0,1,23000.0,1.0,22900.0,1.0,22800.0,1.0,22700.0,1.0,22600.0,1.0,22500.0,1.0,23500.0,1.0,23600.0,1.0,23700.0,1.0,23800.0,1.0,23900.0,1.0,24000.0,1.0,24100.0,1.0,24200.0,1.0,24300.0,1.0,24400.0,1.0
000629.SZ,2020-08-07,09:31:53,23400.0,0.0027210884353741,63.94557823129252,23400.0,1.0,23300.0,1.0,23200.0,1.0,23100.0,1,23000.0,1.0,22900.0,1.0,22800.0,1.0,22700.0,1.0,22600.0,1.0,22500.0,1.0,23500.0,1.0,23600.0,1.0,23700.0,1.0,23800.0,1.0,23900.0,1.0,24000.0,1.0,24100.0,1.0,24200.0,1.0,24300.0,1.0,24400.0,1.0
000629.SZ,2020-08-07,09:31:54,23500.0,1.0,23400.0,23300.0,1.0,23200.0,1.0,23100.0,1.0,23000.0,1,22900.0,1.0,22800.0,1.0,22700.0,1.0,22600.0,1.0,22500.0,1.0,22400.0,0.26,23400.0,1.0,23500.0,1.0,23600.0,1.0,23700.0,1.0,23800.0,1.0,23900.0,1.0,24000.0,1.0,24100.0,1.0,24200.0,1.0,24300.0,1.0
000629.SZ,2020-08-07,09:31:55,23400.0,1.0,23400.0,23300.0,1.0,23200.0,1.0,23100.0,1.0,23000.0,1,22900.0,1.0,22800.0,1.0,22700.0,1.0,22600.0,1.0,22500.0,1.0,22400.0,0.26,23400.0,0.52,23500.0,1.0,23600.0,1.0,23700.0,1.0,23800.0,1.0,23900.0,1.0,24000.0,1.0,24100.0,1.0,24200.0,1.0,24300.0,1.0
000629.SZ,2020-08-07,09:31:56,23400.0,1.0,23400.0,23400.0,0.28,23300.0,1.0,23200.0,1.0,23100.0,1,23000.0,1.0,22900.0,1.0,22800.0,1.0,22700.0,1.0,22600.0,1.0,22500.0,1.0,23500.0,1.0,23600.0,1.0,23700.0,1.0,23800.0,1.0,23900.0,1.0,24000.0,1.0,24100.0,1.0,24200.0,1.0,24300.0,1.0,24400.0,1.0
000629.SZ,2020-08-07,09:31:57,23400.0,0.0,0.0,23400.0,0.28,23300.0,1.0,23200.0,1.0,23100.0,1,23000.0,1.0,22900.0,1.0,22800.0,1.0,22700.0,1.0,22600.0,1.0,22500.0,1.0,23500.0,1.0,23600.0,1.0,23700.0,1.0,23800.0,1.0,23900.0,1.0,24000.0,1.0,24100.0,1.0,24200.0,1.0,24300.0,1.0,24400.0,1.0
000629.SZ,2020-08-07,09:31:58,23400.0,0.1755102040816326,4106.938775510204,23400.0,0.24,23300.0,1.0,23200.0,1.0,23100.0,1,23000.0,1.0,22900.0,1.0,22800.0,1.0,22700.0,1.0,22600.0,1.0,22500.0,1.0,23500.0,1.0,23600.0,1.0,23700.0,1.0,23800.0,1.0,23900.0,1.0,24000.0,1.0,24100.0,1.0,24200.0,1.0,24300.0,1.0,24400.0,1.0
000629.SZ,2020-08-07,09:31:59,23400.0,0.0027210884353741,63.6734693877551,23400.0,0.35,23300.0,1.0,23200.0,1.0,23100.0,1,23000.0,1.0,22900.0,1.0,22800.0,1.0,22700.0,1.0,22600.0,1.0,22500.0,1.0,23500.0,1.0,23600.0,1.0,23700.0,1.0,23800.0,1.0,23900.0,1.0,24000.0,1.0,24100.0,1.0,24200.0,1.0,24300.0,1.0,24400.0,1.0
000629.SZ,2020-08-07,09:32:00,23400.0,0.0,0.0,23400.0,0.35,23300.0,1.0,23200.0,1.0,23100.0,1,23000.0,1.0,22900.0,1.0,22800.0,1.0,22700.0,1.0,22600.0,1.0,22500.0,1.0,23500.0,1.0,23600.0,1.0,23700.0,1.0,23800.0,1.0,23900.0,1.0,24000.0,1.0,24100.0,1.0,24200.0,1.0,24300.0,1.0,24400.0,1.0
000629.SZ,2020-08-07,09:32:01,23400.0,0.2789115646258503,6526.530612244897,23400.0,0.42,23300.0,1.0,23200.0,1.0,23100.0,1,23000.0,1.0,22900.0,1.0,22800.0,1.0,22700.0,1.0,22600.0,1.0,22500.0,1.0,23500.0,1.0,23600.0,1.0,23700.0,1.0,23800.0,1.0,23900.0,1.0,24000.0,1.0,24100.0,1.0,24200.0,1.0,24300.0,1.0,24400.0,1.0
000629.SZ,2020-08-07,09:32:02,23400.0,0.638095238095238,14931.42857142857,23300.0,1.0,23200.0,1.0,23100.0,1.0,23000.0,1,22900.0,1.0,22800.0,1.0,22700.0,1.0,22600.0,1.0,22500.0,1.0,22400.0,0.26,23400.0,0.01,23500.0,1.0,23600.0,1.0,23700.0,1.0,23800.0,1.0,23900.0,1.0,24000.0,1.0,24100.0,1.0,24200.0,1.0,24300.0,1.0
000629.SZ,2020-08-07,09:32:03,23400.0,0.0149659863945578,350.2040816326531,23400.0,0.01,23300.0,1.0,23200.0,1.0,23100.0,1,23000.0,1.0,22900.0,1.0,22800.0,1.0,22700.0,1.0,22600.0,1.0,22500.0,1.0,23500.0,1.0,23600.0,1.0,23700.0,1.0,23800.0,1.0,23900.0,1.0,24000.0,1.0,24100.0,1.0,24200.0,1.0,24300.0,1.0,24400.0,1.0
000629.SZ,2020-08-07,09:32:04,23400.0,0.0775510204081632,1814.6938775510205,23400.0,0.03,23300.0,1.0,23200.0,1.0,23100.0,1,23000.0,1.0,22900.0,1.0,22800.0,1.0,22700.0,1.0,22600.0,1.0,22500.0,1.0,23500.0,1.0,23600.0,1.0,23700.0,1.0,23800.0,1.0,23900.0,1.0,24000.0,1.0,24100.0,1.0,24200.0,1.0,24300.0,1.0,24400.0,1.0
000629.SZ,2020-08-07,09:32:05,23400.0,0.0353741496598639,827.7551020408164,23400.0,0.01,23300.0,1.0,23200.0,1.0,23100.0,1,23000.0,1.0,22900.0,1.0,22800.0,1.0,22700.0,1.0,22600.0,1.0,22500.0,1.0,23500.0,1.0,23600.0,1.0,23700.0,1.0,23800.0,1.0,23900.0,1.0,24000.0,1.0,24100.0,1.0,24200.0,1.0,24300.0,1.0,24400.0,1.0
000629.SZ,2020-08-07,09:32:06,23400.0,0.0,0.0,23400.0,0.01,23300.0,1.0,23200.0,1.0,23100.0,1,23000.0,1.0,22900.0,1.0,22800.0,1.0,22700.0,1.0,22600.0,1.0,22500.0,1.0,23500.0,1.0,23600.0,1.0,23700.0,1.0,23800.0,1.0,23900.0,1.0,24000.0,1.0,24100.0,1.0,24200.0,1.0,24300.0,1.0,24400.0,1.0
000629.SZ,2020-08-07,09:32:07,23400.0,0.0,0.0,23400.0,0.14,23300.0,1.0,23200.0,1.0,23100.0,1,23000.0,1.0,22900.0,1.0,22800.0,1.0,22700.0,1.0,22600.0,1.0,22500.0,1.0,23500.0,1.0,23600.0,1.0,23700.0,1.0,23800.0,1.0,23900.0,1.0,24000.0,1.0,24100.0,1.0,24200.0,1.0,24300.0,1.0,24400.0,1.0
000629.SZ,2020-08-07,09:32:08,23400.0,0.0299319727891156,700.4081632653061,23400.0,0.21,23300.0,1.0,23200.0,1.0,23100.0,1,23000.0,1.0,22900.0,1.0,22800.0,1.0,22700.0,1.0,22600.0,1.0,22500.0,1.0,23500.0,1.0,23600.0,1.0,23700.0,1.0,23800.0,1.0,23900.0,1.0,24000.0,1.0,24100.0,1.0,24200.0,1.0,24300.0,1.0,24400.0,1.0
000629.SZ,2020-08-07,09:32:09,23400.0,0.3374149659863945,7895.510204081632,23300.0,1.0,23200.0,1.0,23100.0,1.0,23000.0,1,22900.0,1.0,22800.0,1.0,22700.0,1.0,22600.0,1.0,22500.0,1.0,22400.0,0.26,23400.0,0.12,23500.0,1.0,23600.0,1.0,23700.0,1.0,23800.0,1.0,23900.0,1.0,24000.0,1.0,24100.0,1.0,24200.0,1.0,24300.0,1.0
000629.SZ,2020-08-07,09:32:10,23400.0,0.3115646258503401,7302.763265306122,23400.0,0.01,23300.0,1.0,23200.0,1.0,23100.0,1,23000.0,1.0,22900.0,1.0,22800.0,1.0,22700.0,1.0,22600.0,1.0,22500.0,1.0,23500.0,1.0,23600.0,1.0,23700.0,1.0,23800.0,1.0,23900.0,1.0,24000.0,1.0,24100.0,1.0,24200.0,1.0,24300.0,1.0,24400.0,1.0
000629.SZ,2020-08-07,09:32:11,23500.0,0.0,0.0,23400.0,1.0,23300.0,1.0,23200.0,1.0,23100.0,1,23000.0,1.0,22900.0,1.0,22800.0,1.0,22700.0,1.0,22600.0,1.0,22500.0,1.0,23500.0,1.0,23600.0,1.0,23700.0,1.0,23800.0,1.0,23900.0,1.0,24000.0,1.0,24100.0,1.0,24200.0,1.0,24300.0,1.0,24400.0,1.0
000629.SZ,2020-08-07,09:32:12,23500.0,1.0,23424.0,23400.0,0.64,23300.0,1.0,23200.0,1.0,23100.0,1,23000.0,1.0,22900.0,1.0,22800.0,1.0,22700.0,1.0,22600.0,1.0,22500.0,1.0,23500.0,1.0,23600.0,1.0,23700.0,1.0,23800.0,1.0,23900.0,1.0,24000.0,1.0,24100.0,1.0,24200.0,1.0,24300.0,1.0,24400.0,1.0
000629.SZ,2020-08-07,09:32:13,23400.0,0.0136054421768707,319.7278911564626,23400.0,0.69,23300.0,1.0,23200.0,1.0,23100.0,1,23000.0,1.0,22900.0,1.0,22800.0,1.0,22700.0,1.0,22600.0,1.0,22500.0,1.0,23500.0,1.0,23600.0,1.0,23700.0,1.0,23800.0,1.0,23900.0,1.0,24000.0,1.0,24100.0,1.0,24200.0,1.0,24300.0,1.0,24400.0,1.0
000629.SZ,2020-08-07,09:32:14,23500.0,0.0,0.0,23400.0,0.69,23300.0,1.0,23200.0,1.0,23100.0,1,23000.0,1.0,22900.0,1.0,22800.0,1.0,22700.0,1.0,22600.0,1.0,22500.0,1.0,23500.0,1.0,23600.0,1.0,23700.0,1.0,23800.0,1.0,23900.0,1.0,24000.0,1.0,24100.0,1.0,24200.0,1.0,24300.0,1.0,24400.0,1.0
000629.SZ,2020-08-07,09:32:15,23500.0,0.0,0.0,23400.0,0.69,23300.0,1.0,23200.0,1.0,23100.0,1,23000.0,1.0,22900.0,1.0,22800.0,1.0,22700.0,1.0,22600.0,1.0,22500.0,1.0,23500.0,1.0,23600.0,1.0,23700.0,1.0,23800.0,1.0,23900.0,1.0,24000.0,1.0,24100.0,1.0,24200.0,1.0,24300.0,1.0,24400.0,1.0
000629.SZ,2020-08-07,09:32:16,23500.0,0.0136054421768707,318.3673469387755,23400.0,0.68,23300.0,1.0,23200.0,1.0,23100.0,1,23000.0,1.0,22900.0,1.0,22800.0,1.0,22700.0,1.0,22600.0,1.0,22500.0,1.0,23500.0,1.0,23600.0,1.0,23700.0,1.0,23800.0,1.0,23900.0,1.0,24000.0,1.0,24100.0,1.0,24200.0,1.0,24300.0,1.0,24400.0,1.0
000629.SZ,2020-08-07,09:32:17,23400.0,0.0,0.0,23400.0,0.68,23300.0,1.0,23200.0,1.0,23100.0,1,23000.0,1.0,22900.0,1.0,22800.0,1.0,22700.0,1.0,22600.0,1.0,22500.0,1.0,23500.0,1.0,23600.0,1.0,23700.0,1.0,23800.0,1.0,23900.0,1.0,24000.0,1.0,24100.0,1.0,24200.0,1.0,24300.0,1.0,24400.0,1.0
000629.SZ,2020-08-07,09:32:18,23400.0,0.0068027210884353,159.18367346938774,23400.0,0.67,23300.0,1.0,23200.0,1.0,23100.0,1,23000.0,1.0,22900.0,1.0,22800.0,1.0,22700.0,1.0,22600.0,1.0,22500.0,1.0,23500.0,1.0,23600.0,1.0,23700.0,1.0,23800.0,1.0,23900.0,1.0,24000.0,1.0,24100.0,1.0,24200.0,1.0,24300.0,1.0,24400.0,1.0
000629.SZ,2020-08-07,09:32:19,23400.0,0.0,0.0,23400.0,0.67,23300.0,1.0,23200.0,1.0,23100.0,1,23000.0,1.0,22900.0,1.0,22800.0,1.0,22700.0,1.0,22600.0,1.0,22500.0,1.0,23500.0,1.0,23600.0,1.0,23700.0,1.0,23800.0,1.0,23900.0,1.0,24000.0,1.0,24100.0,1.0,24200.0,1.0,24300.0,1.0,24400.0,1.0
000629.SZ,2020-08-07,09:32:20,23400.0,0.1210884353741496,2833.469387755102,23400.0,0.91,23300.0,1.0,23200.0,1.0,23100.0,1,23000.0,1.0,22900.0,1.0,22800.0,1.0,22700.0,1.0,22600.0,1.0,22500.0,1.0,23500.0,1.0,23600.0,1.0,23700.0,1.0,23800.0,1.0,23900.0,1.0,24000.0,1.0,24100.0,1.0,24200.0,1.0,24300.0,1.0,24400.0,1.0
000629.SZ,2020-08-07,09:32:21,23400.0,0.6857142857142857,16045.714285714286,23400.0,0.46,23300.0,1.0,23200.0,1.0,23100.0,1,23000.0,1.0,22900.0,1.0,22800.0,1.0,22700.0,1.0,22600.0,1.0,22500.0,1.0,23500.0,1.0,23600.0,1.0,23700.0,1.0,23800.0,1.0,23900.0,1.0,24000.0,1.0,24100.0,1.0,24200.0,1.0,24300.0,1.0,24400.0,1.0
000629.SZ,2020-08-07,09:32:22,23500.0,0.0,0.0,23400.0,0.82,23300.0,1.0,23200.0,1.0,23100.0,1,23000.0,1.0,22900.0,1.0,22800.0,1.0,22700.0,1.0,22600.0,1.0,22500.0,1.0,23500.0,1.0,23600.0,1.0,23700.0,1.0,23800.0,1.0,23900.0,1.0,24000.0,1.0,24100.0,1.0,24200.0,1.0,24300.0,1.0,24400.0,1.0
000629.SZ,2020-08-07,09:32:23,23500.0,0.0,0.0,23400.0,0.82,23300.0,1.0,23200.0,1.0,23100.0,1,23000.0,1.0,22900.0,1.0,22800.0,1.0,22700.0,1.0,22600.0,1.0,22500.0,1.0,23500.0,1.0,23600.0,1.0,23700.0,1.0,23800.0,1.0,23900.0,1.0,24000.0,1.0,24100.0,1.0,24200.0,1.0,24300.0,1.0,24400.0,1.0
000629.SZ,2020-08-07,09:32:24,23500.0,0.0,0.0,23400.0,0.82,23300.0,1.0,23200.0,1.0,23100.0,1,23000.0,1.0,22900.0,1.0,22800.0,1.0,22700.0,1.0,22600.0,1.0,22500.0,1.0,23500.0,1.0,23600.0,1.0,23700.0,1.0,23800.0,1.0,23900.0,1.0,24000.0,1.0,24100.0,1.0,24200.0,1.0,24300.0,1.0,24400.0,1.0
000629.SZ,2020-08-07,09:32:25,23500.0,0.0,0.0,23400.0,0.82,23300.0,1.0,23200.0,1.0,23100.0,1,23000.0,1.0,22900.0,1.0,22800.0,1.0,22700.0,1.0,22600.0,1.0,22500.0,1.0,23500.0,1.0,23600.0,1.0,23700.0,1.0,23800.0,1.0,23900.0,1.0,24000.0,1.0,24100.0,1.0,24200.0,1.0,24300.0,1.0,24400.0,1.0
000629.SZ,2020-08-07,09:32:26,23500.0,0.0,0.0,23400.0,0.82,23300.0,1.0,23200.0,1.0,23100.0,1,23000.0,1.0,22900.0,1.0,22800.0,1.0,22700.0,1.0,22600.0,1.0,22500.0,1.0,23500.0,1.0,23600.0,1.0,23700.0,1.0,23800.0,1.0,23900.0,1.0,24000.0,1.0,24100.0,1.0,24200.0,1.0,24300.0,1.0,24400.0,1.0
000629.SZ,2020-08-07,09:32:27,23500.0,0.0775510204081632,1822.4489795918369,23400.0,0.82,23300.0,1.0,23200.0,1.0,23100.0,1,23000.0,1.0,22900.0,1.0,22800.0,1.0,22700.0,1.0,22600.0,1.0,22500.0,1.0,23500.0,1.0,23600.0,1.0,23700.0,1.0,23800.0,1.0,23900.0,1.0,24000.0,1.0,24100.0,1.0,24200.0,1.0,24300.0,1.0,24400.0,1.0
000629.SZ,2020-08-07,09:32:28,23500.0,0.0,0.0,23400.0,0.94,23300.0,1.0,23200.0,1.0,23100.0,1,23000.0,1.0,22900.0,1.0,22800.0,1.0,22700.0,1.0,22600.0,1.0,22500.0,1.0,23500.0,1.0,23600.0,1.0,23700.0,1.0,23800.0,1.0,23900.0,1.0,24000.0,1.0,24100.0,1.0,24200.0,1.0,24300.0,1.0,24400.0,1.0
000629.SZ,2020-08-07,09:32:29,23500.0,0.0,0.0,23400.0,0.94,23300.0,1.0,23200.0,1.0,23100.0,1,23000.0,1.0,22900.0,1.0,22800.0,1.0,22700.0,1.0,22600.0,1.0,22500.0,1.0,23500.0,1.0,23600.0,1.0,23700.0,1.0,23800.0,1.0,23900.0,1.0,24000.0,1.0,24100.0,1.0,24200.0,1.0,24300.0,1.0,24400.0,1.0
000629.SZ,2020-08-07,09:32:30,23500.0,0.1197278911564625,2808.337414965986,23400.0,0.9,23300.0,1.0,23200.0,1.0,23100.0,1,23000.0,1.0,22900.0,1.0,22800.0,1.0,22700.0,1.0,22600.0,1.0,22500.0,1.0,23500.0,1.0,23600.0,1.0,23700.0,1.0,23800.0,1.0,23900.0,1.0,24000.0,1.0,24100.0,1.0,24200.0,1.0,24300.0,1.0,24400.0,1.0
000629.SZ,2020-08-07,09:32:31,23500.0,0.0,0.0,23400.0,0.9,23300.0,1.0,23200.0,1.0,23100.0,1,23000.0,1.0,22900.0,1.0,22800.0,1.0,22700.0,1.0,22600.0,1.0,22500.0,1.0,23500.0,1.0,23600.0,1.0,23700.0,1.0,23800.0,1.0,23900.0,1.0,24000.0,1.0,24100.0,1.0,24200.0,1.0,24300.0,1.0,24400.0,1.0
000629.SZ,2020-08-07,09:32:32,23500.0,0.1238095238095238,2901.4761904761904,23400.0,1.0,23300.0,1.0,23200.0,1.0,23100.0,1,23000.0,1.0,22900.0,1.0,22800.0,1.0,22700.0,1.0,22600.0,1.0,22500.0,1.0,23500.0,1.0,23600.0,1.0,23700.0,1.0,23800.0,1.0,23900.0,1.0,24000.0,1.0,24100.0,1.0,24200.0,1.0,24300.0,1.0,24400.0,1.0
000629.SZ,2020-08-07,09:32:33,23400.0,0.0,0.0,23400.0,1.0,23300.0,1.0,23200.0,1.0,23100.0,1,23000.0,1.0,22900.0,1.0,22800.0,1.0,22700.0,1.0,22600.0,1.0,22500.0,1.0,23500.0,1.0,23600.0,1.0,23700.0,1.0,23800.0,1.0,23900.0,1.0,24000.0,1.0,24100.0,1.0,24200.0,1.0,24300.0,1.0,24400.0,1.0
000629.SZ,2020-08-07,09:32:34,23400.0,0.0612244897959183,1432.65306122449,23400.0,1.0,23300.0,1.0,23200.0,1.0,23100.0,1,23000.0,1.0,22900.0,1.0,22800.0,1.0,22700.0,1.0,22600.0,1.0,22500.0,1.0,23500.0,1.0,23600.0,1.0,23700.0,1.0,23800.0,1.0,23900.0,1.0,24000.0,1.0,24100.0,1.0,24200.0,1.0,24300.0,1.0,24400.0,1.0
000629.SZ,2020-08-07,09:32:35,23400.0,0.0299319727891156,700.4081632653061,23400.0,1.0,23300.0,1.0,23200.0,1.0,23100.0,1,23000.0,1.0,22900.0,1.0,22800.0,1.0,22700.0,1.0,22600.0,1.0,22500.0,1.0,23500.0,1.0,23600.0,1.0,23700.0,1.0,23800.0,1.0,23900.0,1.0,24000.0,1.0,24100.0,1.0,24200.0,1.0,24300.0,1.0,24400.0,1.0
000629.SZ,2020-08-07,09:32:36,23400.0,0.0612244897959183,1438.7755102040817,23400.0,1.0,23300.0,1.0,23200.0,1.0,23100.0,1,23000.0,1.0,22900.0,1.0,22800.0,1.0,22700.0,1.0,22600.0,1.0,22500.0,1.0,23500.0,1.0,23600.0,1.0,23700.0,1.0,23800.0,1.0,23900.0,1.0,24000.0,1.0,24100.0,1.0,24200.0,1.0,24300.0,1.0,24400.0,1.0
000629.SZ,2020-08-07,09:32:37,23500.0,0.0,0.0,23400.0,1.0,23300.0,1.0,23200.0,1.0,23100.0,1,23000.0,1.0,22900.0,1.0,22800.0,1.0,22700.0,1.0,22600.0,1.0,22500.0,1.0,23500.0,1.0,23600.0,1.0,23700.0,1.0,23800.0,1.0,23900.0,1.0,24000.0,1.0,24100.0,1.0,24200.0,1.0,24300.0,1.0,24400.0,1.0
000629.SZ,2020-08-07,09:32:38,23500.0,0.0680272108843537,1591.8367346938776,23400.0,1.0,23300.0,1.0,23200.0,1.0,23100.0,1,23000.0,1.0,22900.0,1.0,22800.0,1.0,22700.0,1.0,22600.0,1.0,22500.0,1.0,23500.0,1.0,23600.0,1.0,23700.0,1.0,23800.0,1.0,23900.0,1.0,24000.0,1.0,24100.0,1.0,24200.0,1.0,24300.0,1.0,24400.0,1.0
000629.SZ,2020-08-07,09:32:39,23400.0,0.0,0.0,23400.0,1.0,23300.0,1.0,23200.0,1.0,23100.0,1,23000.0,1.0,22900.0,1.0,22800.0,1.0,22700.0,1.0,22600.0,1.0,22500.0,1.0,23500.0,1.0,23600.0,1.0,23700.0,1.0,23800.0,1.0,23900.0,1.0,24000.0,1.0,24100.0,1.0,24200.0,1.0,24300.0,1.0,24400.0,1.0
000629.SZ,2020-08-07,09:32:40,23400.0,0.0,0.0,23400.0,1.0,23300.0,1.0,23200.0,1.0,23100.0,1,23000.0,1.0,22900.0,1.0,22800.0,1.0,22700.0,1.0,22600.0,1.0,22500.0,1.0,23500.0,1.0,23600.0,1.0,23700.0,1.0,23800.0,1.0,23900.0,1.0,24000.0,1.0,24100.0,1.0,24200.0,1.0,24300.0,1.0,24400.0,1.0
000629.SZ,2020-08-07,09:32:41,23400.0,0.0,0.0,23400.0,1.0,23300.0,1.0,23200.0,1.0,23100.0,1,23000.0,1.0,22900.0,1.0,22800.0,1.0,22700.0,1.0,22600.0,1.0,22500.0,1.0,23500.0,1.0,23600.0,1.0,23700.0,1.0,23800.0,1.0,23900.0,1.0,24000.0,1.0,24100.0,1.0,24200.0,1.0,24300.0,1.0,24400.0,1.0
000629.SZ,2020-08-07,09:32:42,23400.0,0.0,0.0,23400.0,1.0,23300.0,1.0,23200.0,1.0,23100.0,1,23000.0,1.0,22900.0,1.0,22800.0,1.0,22700.0,1.0,22600.0,1.0,22500.0,1.0,23500.0,1.0,23600.0,1.0,23700.0,1.0,23800.0,1.0,23900.0,1.0,24000.0,1.0,24100.0,1.0,24200.0,1.0,24300.0,1.0,24400.0,1.0
000629.SZ,2020-08-07,09:32:43,23400.0,0.2231292517006802,5221.224489795918,23400.0,1.0,23300.0,1.0,23200.0,1.0,23100.0,1,23000.0,1.0,22900.0,1.0,22800.0,1.0,22700.0,1.0,22600.0,1.0,22500.0,1.0,23500.0,1.0,23600.0,1.0,23700.0,1.0,23800.0,1.0,23900.0,1.0,24000.0,1.0,24100.0,1.0,24200.0,1.0,24300.0,1.0,24400.0,1.0
000629.SZ,2020-08-07,09:32:44,23400.0,0.6068027210884354,14259.86394557823,23400.0,1.0,23300.0,1.0,23200.0,1.0,23100.0,1,23000.0,1.0,22900.0,1.0,22800.0,1.0,22700.0,1.0,22600.0,1.0,22500.0,1.0,23500.0,1.0,23600.0,1.0,23700.0,1.0,23800.0,1.0,23900.0,1.0,24000.0,1.0,24100.0,1.0,24200.0,1.0,24300.0,1.0,24400.0,1.0
000629.SZ,2020-08-07,09:32:45,23500.0,0.0380952380952381,892.4952380952382,23400.0,1.0,23300.0,1.0,23200.0,1.0,23100.0,1,23000.0,1.0,22900.0,1.0,22800.0,1.0,22700.0,1.0,22600.0,1.0,22500.0,1.0,23500.0,1.0,23600.0,1.0,23700.0,1.0,23800.0,1.0,23900.0,1.0,24000.0,1.0,24100.0,1.0,24200.0,1.0,24300.0,1.0,24400.0,1.0
000629.SZ,2020-08-07,09:32:46,23500.0,0.0,0.0,23400.0,1.0,23300.0,1.0,23200.0,1.0,23100.0,1,23000.0,1.0,22900.0,1.0,22800.0,1.0,22700.0,1.0,22600.0,1.0,22500.0,1.0,23500.0,1.0,23600.0,1.0,23700.0,1.0,23800.0,1.0,23900.0,1.0,24000.0,1.0,24100.0,1.0,24200.0,1.0,24300.0,1.0,24400.0,1.0
000629.SZ,2020-08-07,09:32:47,23500.0,0.564625850340136,13268.707482993195,23400.0,1.0,23300.0,1.0,23200.0,1.0,23100.0,1,23000.0,1.0,22900.0,1.0,22800.0,1.0,22700.0,1.0,22600.0,1.0,22500.0,1.0,23500.0,1.0,23600.0,1.0,23700.0,1.0,23800.0,1.0,23900.0,1.0,24000.0,1.0,24100.0,1.0,24200.0,1.0,24300.0,1.0,24400.0,1.0
000629.SZ,2020-08-07,09:32:48,23500.0,0.3836734693877551,9015.17551020408,23400.0,1.0,23300.0,1.0,23200.0,1.0,23100.0,1,23000.0,1.0,22900.0,1.0,22800.0,1.0,22700.0,1.0,22600.0,1.0,22500.0,1.0,23500.0,1.0,23600.0,1.0,23700.0,1.0,23800.0,1.0,23900.0,1.0,24000.0,1.0,24100.0,1.0,24200.0,1.0,24300.0,1.0,24400.0,1.0
000629.SZ,2020-08-07,09:32:49,23400.0,1.0,23458.0,23400.0,1.0,23300.0,1.0,23200.0,1.0,23100.0,1,23000.0,1.0,22900.0,1.0,22800.0,1.0,22700.0,1.0,22600.0,1.0,22500.0,1.0,23500.0,1.0,23600.0,1.0,23700.0,1.0,23800.0,1.0,23900.0,1.0,24000.0,1.0,24100.0,1.0,24200.0,1.0,24300.0,1.0,24400.0,1.0
000629.SZ,2020-08-07,09:32:50,23400.0,0.0,0.0,23400.0,1.0,23300.0,1.0,23200.0,1.0,23100.0,1,23000.0,1.0,22900.0,1.0,22800.0,1.0,22700.0,1.0,22600.0,1.0,22500.0,1.0,23500.0,1.0,23600.0,1.0,23700.0,1.0,23800.0,1.0,23900.0,1.0,24000.0,1.0,24100.0,1.0,24200.0,1.0,24300.0,1.0,24400.0,1.0
000629.SZ,2020-08-07,09:32:51,23400.0,0.2108843537414966,4955.78231292517,23400.0,1.0,23300.0,1.0,23200.0,1.0,23100.0,1,23000.0,1.0,22900.0,1.0,22800.0,1.0,22700.0,1.0,22600.0,1.0,22500.0,1.0,23500.0,1.0,23600.0,1.0,23700.0,1.0,23800.0,1.0,23900.0,1.0,24000.0,1.0,24100.0,1.0,24200.0,1.0,24300.0,1.0,24400.0,1.0
000629.SZ,2020-08-07,09:32:52,23500.0,0.9700680272108844,22792.71836734694,23400.0,1.0,23300.0,1.0,23200.0,1.0,23100.0,1,23000.0,1.0,22900.0,1.0,22800.0,1.0,22700.0,1.0,22600.0,1.0,22500.0,1.0,23500.0,1.0,23600.0,1.0,23700.0,1.0,23800.0,1.0,23900.0,1.0,24000.0,1.0,24100.0,1.0,24200.0,1.0,24300.0,1.0,24400.0,1.0
000629.SZ,2020-08-07,09:32:53,23500.0,1.0,23494.0,23400.0,1.0,23300.0,1.0,23200.0,1.0,23100.0,1,23000.0,1.0,22900.0,1.0,22800.0,1.0,22700.0,1.0,22600.0,1.0,22500.0,1.0,23500.0,1.0,23600.0,1.0,23700.0,1.0,23800.0,1.0,23900.0,1.0,24000.0,1.0,24100.0,1.0,24200.0,1.0,24300.0,1.0,24400.0,1.0
000629.SZ,2020-08-07,09:32:54,23500.0,1.0,23500.0,23500.0,0.7,23400.0,1.0,23300.0,1.0,23200.0,1,23100.0,1.0,23000.0,1.0,22900.0,1.0,22800.0,1.0,22700.0,1.0,22600.0,1.0,23600.0,1.0,23700.0,1.0,23800.0,1.0,23900.0,1.0,24000.0,1.0,24100.0,1.0,24200.0,1.0,24300.0,1.0,24400.0,1.0,24500.0,1.0
000629.SZ,2020-08-07,09:32:55,23500.0,0.8938775510204081,21015.95510204081,23500.0,0.18,23400.0,1.0,23300.0,1.0,23200.0,1,23100.0,1.0,23000.0,1.0,22900.0,1.0,22800.0,1.0,22700.0,1.0,22600.0,1.0,23600.0,1.0,23700.0,1.0,23800.0,1.0,23900.0,1.0,24000.0,1.0,24100.0,1.0,24200.0,1.0,24300.0,1.0,24400.0,1.0,24500.0,1.0
000629.SZ,2020-08-07,09:32:56,23500.0,0.1387755102040816,3261.2244897959185,23500.0,0.09,23400.0,1.0,23300.0,1.0,23200.0,1,23100.0,1.0,23000.0,1.0,22900.0,1.0,22800.0,1.0,22700.0,1.0,22600.0,1.0,23600.0,1.0,23700.0,1.0,23800.0,1.0,23900.0,1.0,24000.0,1.0,24100.0,1.0,24200.0,1.0,24300.0,1.0,24400.0,1.0,24500.0,1.0
000629.SZ,2020-08-07,09:32:57,23500.0,0.0176870748299319,415.6462585034014,23500.0,0.26,23400.0,1.0,23300.0,1.0,23200.0,1,23100.0,1.0,23000.0,1.0,22900.0,1.0,22800.0,1.0,22700.0,1.0,22600.0,1.0,23600.0,1.0,23700.0,1.0,23800.0,1.0,23900.0,1.0,24000.0,1.0,24100.0,1.0,24200.0,1.0,24300.0,1.0,24400.0,1.0,24500.0,1.0
000629.SZ,2020-08-07,09:32:58,23500.0,0.0244897959183673,575.5102040816327,23500.0,0.24,23400.0,1.0,23300.0,1.0,23200.0,1,23100.0,1.0,23000.0,1.0,22900.0,1.0,22800.0,1.0,22700.0,1.0,22600.0,1.0,23600.0,1.0,23700.0,1.0,23800.0,1.0,23900.0,1.0,24000.0,1.0,24100.0,1.0,24200.0,1.0,24300.0,1.0,24400.0,1.0,24500.0,1.0
000629.SZ,2020-08-07,09:32:59,23500.0,0.127891156462585,3005.4421768707484,23500.0,0.16,23400.0,1.0,23300.0,1.0,23200.0,1,23100.0,1.0,23000.0,1.0,22900.0,1.0,22800.0,1.0,22700.0,1.0,22600.0,1.0,23600.0,1.0,23700.0,1.0,23800.0,1.0,23900.0,1.0,24000.0,1.0,24100.0,1.0,24200.0,1.0,24300.0,1.0,24400.0,1.0,24500.0,1.0
000629.SZ,2020-08-07,09:33:00,23500.0,0.0,0.0,23500.0,0.16,23400.0,1.0,23300.0,1.0,23200.0,1,23100.0,1.0,23000.0,1.0,22900.0,1.0,22800.0,1.0,22700.0,1.0,22600.0,1.0,23600.0,1.0,23700.0,1.0,23800.0,1.0,23900.0,1.0,24000.0,1.0,24100.0,1.0,24200.0,1.0,24300.0,1.0,24400.0,1.0,24500.0,1.0
000629.SZ,2020-08-07,09:33:01,23500.0,0.0095238095238095,223.80952380952385,23500.0,0.15,23400.0,1.0,23300.0,1.0,23200.0,1,23100.0,1.0,23000.0,1.0,22900.0,1.0,22800.0,1.0,22700.0,1.0,22600.0,1.0,23600.0,1.0,23700.0,1.0,23800.0,1.0,23900.0,1.0,24000.0,1.0,24100.0,1.0,24200.0,1.0,24300.0,1.0,24400.0,1.0,24500.0,1.0
000629.SZ,2020-08-07,09:33:02,23500.0,1.0,23500.0,23400.0,1.0,23300.0,1.0,23200.0,1.0,23100.0,1,23000.0,1.0,22900.0,1.0,22800.0,1.0,22700.0,1.0,22600.0,1.0,22500.0,1.0,23600.0,1.0,23700.0,1.0,23800.0,1.0,23900.0,1.0,24000.0,1.0,24100.0,1.0,24200.0,1.0,24300.0,1.0,24400.0,1.0,24500.0,1.0
000629.SZ,2020-08-07,09:33:03,23500.0,0.0,0.0,23500.0,0.13,23400.0,1.0,23300.0,1.0,23200.0,1,23100.0,1.0,23000.0,1.0,22900.0,1.0,22800.0,1.0,22700.0,1.0,22600.0,1.0,23600.0,1.0,23700.0,1.0,23800.0,1.0,23900.0,1.0,24000.0,1.0,24100.0,1.0,24200.0,1.0,24300.0,1.0,24400.0,1.0,24500.0,1.0
000629.SZ,2020-08-07,09:33:04,23500.0,0.0217687074829931,511.825850340136,23500.0,1.0,23400.0,1.0,23300.0,1.0,23200.0,1,23100.0,1.0,23000.0,1.0,22900.0,1.0,22800.0,1.0,22700.0,1.0,22600.0,1.0,23600.0,1.0,23700.0,1.0,23800.0,1.0,23900.0,1.0,24000.0,1.0,24100.0,1.0,24200.0,1.0,24300.0,1.0,24400.0,1.0,24500.0,1.0
000629.SZ,2020-08-07,09:33:05,23500.0,0.0,0.0,23500.0,1.0,23400.0,1.0,23300.0,1.0,23200.0,1,23100.0,1.0,23000.0,1.0,22900.0,1.0,22800.0,1.0,22700.0,1.0,22600.0,1.0,23600.0,1.0,23700.0,1.0,23800.0,1.0,23900.0,1.0,24000.0,1.0,24100.0,1.0,24200.0,1.0,24300.0,1.0,24400.0,1.0,24500.0,1.0
000629.SZ,2020-08-07,09:33:06,23500.0,0.0,0.0,23500.0,1.0,23400.0,1.0,23300.0,1.0,23200.0,1,23100.0,1.0,23000.0,1.0,22900.0,1.0,22800.0,1.0,22700.0,1.0,22600.0,1.0,23600.0,1.0,23700.0,1.0,23800.0,1.0,23900.0,1.0,24000.0,1.0,24100.0,1.0,24200.0,1.0,24300.0,1.0,24400.0,1.0,24500.0,1.0
000629.SZ,2020-08-07,09:33:07,23500.0,0.3129251700680272,7378.149659863946,23500.0,1.0,23400.0,1.0,23300.0,1.0,23200.0,1,23100.0,1.0,23000.0,1.0,22900.0,1.0,22800.0,1.0,22700.0,1.0,22600.0,1.0,23600.0,1.0,23700.0,1.0,23800.0,1.0,23900.0,1.0,24000.0,1.0,24100.0,1.0,24200.0,1.0,24300.0,1.0,24400.0,1.0,24500.0,1.0
000629.SZ,2020-08-07,09:33:08,23600.0,0.0,0.0,23500.0,1.0,23400.0,1.0,23300.0,1.0,23200.0,1,23100.0,1.0,23000.0,1.0,22900.0,1.0,22800.0,1.0,22700.0,1.0,22600.0,1.0,23600.0,1.0,23700.0,1.0,23800.0,1.0,23900.0,1.0,24000.0,1.0,24100.0,1.0,24200.0,1.0,24300.0,1.0,24400.0,1.0,24500.0,1.0
000629.SZ,2020-08-07,09:33:09,23600.0,0.3496598639455782,8251.972789115647,23500.0,1.0,23400.0,1.0,23300.0,1.0,23200.0,1,23100.0,1.0,23000.0,1.0,22900.0,1.0,22800.0,1.0,22700.0,1.0,22600.0,1.0,23600.0,1.0,23700.0,1.0,23800.0,1.0,23900.0,1.0,24000.0,1.0,24100.0,1.0,24200.0,1.0,24300.0,1.0,24400.0,1.0,24500.0,1.0
000629.SZ,2020-08-07,09:33:10,23600.0,0.0204081632653061,479.59183673469386,23500.0,1.0,23400.0,1.0,23300.0,1.0,23200.0,1,23100.0,1.0,23000.0,1.0,22900.0,1.0,22800.0,1.0,22700.0,1.0,22600.0,1.0,23600.0,1.0,23700.0,1.0,23800.0,1.0,23900.0,1.0,24000.0,1.0,24100.0,1.0,24200.0,1.0,24300.0,1.0,24400.0,1.0,24500.0,1.0
000629.SZ,2020-08-07,09:33:11,23500.0,0.0,0.0,23500.0,1.0,23400.0,1.0,23300.0,1.0,23200.0,1,23100.0,1.0,23000.0,1.0,22900.0,1.0,22800.0,1.0,22700.0,1.0,22600.0,1.0,23600.0,1.0,23700.0,1.0,23800.0,1.0,23900.0,1.0,24000.0,1.0,24100.0,1.0,24200.0,1.0,24300.0,1.0,24400.0,1.0,24500.0,1.0
000629.SZ,2020-08-07,09:33:12,23500.0,1.0,23600.0,23500.0,1.0,23400.0,1.0,23300.0,1.0,23200.0,1,23100.0,1.0,23000.0,1.0,22900.0,1.0,22800.0,1.0,22700.0,1.0,22600.0,1.0,23600.0,1.0,23700.0,1.0,23800.0,1.0,23900.0,1.0,24000.0,1.0,24100.0,1.0,24200.0,1.0,24300.0,1.0,24400.0,1.0,24500.0,1.0
000629.SZ,2020-08-07,09:33:13,23600.0,0.1401360544217687,3294.598639455782,23500.0,1.0,23400.0,1.0,23300.0,1.0,23200.0,1,23100.0,1.0,23000.0,1.0,22900.0,1.0,22800.0,1.0,22700.0,1.0,22600.0,1.0,23600.0,1.0,23700.0,1.0,23800.0,1.0,23900.0,1.0,24000.0,1.0,24100.0,1.0,24200.0,1.0,24300.0,1.0,24400.0,1.0,24500.0,1.0
000629.SZ,2020-08-07,09:33:14,23600.0,0.0721088435374149,1701.7687074829932,23500.0,1.0,23400.0,1.0,23300.0,1.0,23200.0,1,23100.0,1.0,23000.0,1.0,22900.0,1.0,22800.0,1.0,22700.0,1.0,22600.0,1.0,23600.0,1.0,23700.0,1.0,23800.0,1.0,23900.0,1.0,24000.0,1.0,24100.0,1.0,24200.0,1.0,24300.0,1.0,24400.0,1.0,24500.0,1.0
000629.SZ,2020-08-07,09:33:15,23600.0,0.0108843537414965,256.8707482993197,23500.0,1.0,23400.0,1.0,23300.0,1.0,23200.0,1,23100.0,1.0,23000.0,1.0,22900.0,1.0,22800.0,1.0,22700.0,1.0,22600.0,1.0,23600.0,1.0,23700.0,1.0,23800.0,1.0,23900.0,1.0,24000.0,1.0,24100.0,1.0,24200.0,1.0,24300.0,1.0,24400.0,1.0,24500.0,1.0
000629.SZ,2020-08-07,09:33:16,23600.0,0.0136054421768707,319.7278911564626,23500.0,1.0,23400.0,1.0,23300.0,1.0,23200.0,1,23100.0,1.0,23000.0,1.0,22900.0,1.0,22800.0,1.0,22700.0,1.0,22600.0,1.0,23600.0,1.0,23700.0,1.0,23800.0,1.0,23900.0,1.0,24000.0,1.0,24100.0,1.0,24200.0,1.0,24300.0,1.0,24400.0,1.0,24500.0,1.0
000629.SZ,2020-08-07,09:33:17,23500.0,0.0408163265306122,963.2653061224488,23500.0,1.0,23400.0,1.0,23300.0,1.0,23200.0,1,23100.0,1.0,23000.0,1.0,22900.0,1.0,22800.0,1.0,22700.0,1.0,22600.0,1.0,23600.0,1.0,23700.0,1.0,23800.0,1.0,23900.0,1.0,24000.0,1.0,24100.0,1.0,24200.0,1.0,24300.0,1.0,24400.0,1.0,24500.0,1.0
000629.SZ,2020-08-07,09:33:18,23600.0,0.0,0.0,23500.0,1.0,23400.0,1.0,23300.0,1.0,23200.0,1,23100.0,1.0,23000.0,1.0,22900.0,1.0,22800.0,1.0,22700.0,1.0,22600.0,1.0,23600.0,1.0,23700.0,1.0,23800.0,1.0,23900.0,1.0,24000.0,1.0,24100.0,1.0,24200.0,1.0,24300.0,1.0,24400.0,1.0,24500.0,1.0
000629.SZ,2020-08-07,09:33:19,23600.0,0.0,0.0,23500.0,1.0,23400.0,1.0,23300.0,1.0,23200.0,1,23100.0,1.0,23000.0,1.0,22900.0,1.0,22800.0,1.0,22700.0,1.0,22600.0,1.0,23600.0,1.0,23700.0,1.0,23800.0,1.0,23900.0,1.0,24000.0,1.0,24100.0,1.0,24200.0,1.0,24300.0,1.0,24400.0,1.0,24500.0,1.0
000629.SZ,2020-08-07,09:33:20,23600.0,0.0,0.0,23500.0,1.0,23400.0,1.0,23300.0,1.0,23200.0,1,23100.0,1.0,23000.0,1.0,22900.0,1.0,22800.0,1.0,22700.0,1.0,22600.0,1.0,23600.0,1.0,23700.0,1.0,23800.0,1.0,23900.0,1.0,24000.0,1.0,24100.0,1.0,24200.0,1.0,24300.0,1.0,24400.0,1.0,24500.0,1.0
000629.SZ,2020-08-07,09:33:21,23600.0,0.0272108843537414,639.4557823129252,23500.0,1.0,23400.0,1.0,23300.0,1.0,23200.0,1,23100.0,1.0,23000.0,1.0,22900.0,1.0,22800.0,1.0,22700.0,1.0,22600.0,1.0,23600.0,1.0,23700.0,1.0,23800.0,1.0,23900.0,1.0,24000.0,1.0,24100.0,1.0,24200.0,1.0,24300.0,1.0,24400.0,1.0,24500.0,1.0
000629.SZ,2020-08-07,09:33:22,23500.0,0.1360544217687075,3204.0816326530617,23500.0,1.0,23400.0,1.0,23300.0,1.0,23200.0,1,23100.0,1.0,23000.0,1.0,22900.0,1.0,22800.0,1.0,22700.0,1.0,22600.0,1.0,23600.0,1.0,23700.0,1.0,23800.0,1.0,23900.0,1.0,24000.0,1.0,24100.0,1.0,24200.0,1.0,24300.0,1.0,24400.0,1.0,24500.0,1.0
000629.SZ,2020-08-07,09:33:23,23500.0,1.0,23600.0,23500.0,1.0,23400.0,1.0,23300.0,1.0,23200.0,1,23100.0,1.0,23000.0,1.0,22900.0,1.0,22800.0,1.0,22700.0,1.0,22600.0,1.0,23600.0,0.77,23700.0,1.0,23800.0,1.0,23900.0,1.0,24000.0,1.0,24100.0,1.0,24200.0,1.0,24300.0,1.0,24400.0,1.0,24500.0,1.0
000629.SZ,2020-08-07,09:33:24,23600.0,0.0006802721088435,16.05442176870748,23500.0,1.0,23400.0,1.0,23300.0,1.0,23200.0,1,23100.0,1.0,23000.0,1.0,22900.0,1.0,22800.0,1.0,22700.0,1.0,22600.0,1.0,23600.0,0.77,23700.0,1.0,23800.0,1.0,23900.0,1.0,24000.0,1.0,24100.0,1.0,24200.0,1.0,24300.0,1.0,24400.0,1.0,24500.0,1.0
000629.SZ,2020-08-07,09:33:25,23600.0,0.0068027210884353,160.54421768707482,23500.0,1.0,23400.0,1.0,23300.0,1.0,23200.0,1,23100.0,1.0,23000.0,1.0,22900.0,1.0,22800.0,1.0,22700.0,1.0,22600.0,1.0,23600.0,0.77,23700.0,1.0,23800.0,1.0,23900.0,1.0,24000.0,1.0,24100.0,1.0,24200.0,1.0,24300.0,1.0,24400.0,1.0,24500.0,1.0
000629.SZ,2020-08-07,09:33:26,23600.0,0.0612244897959183,1444.8979591836735,23500.0,1.0,23400.0,1.0,23300.0,1.0,23200.0,1,23100.0,1.0,23000.0,1.0,22900.0,1.0,22800.0,1.0,22700.0,1.0,22600.0,1.0,23600.0,0.77,23700.0,1.0,23800.0,1.0,23900.0,1.0,24000.0,1.0,24100.0,1.0,24200.0,1.0,24300.0,1.0,24400.0,1.0,24500.0,1.0
000629.SZ,2020-08-07,09:33:27,23600.0,0.2448979591836734,5775.428571428572,23500.0,1.0,23400.0,1.0,23300.0,1.0,23200.0,1,23100.0,1.0,23000.0,1.0,22900.0,1.0,22800.0,1.0,22700.0,1.0,22600.0,1.0,23600.0,0.77,23700.0,1.0,23800.0,1.0,23900.0,1.0,24000.0,1.0,24100.0,1.0,24200.0,1.0,24300.0,1.0,24400.0,1.0,24500.0,1.0
000629.SZ,2020-08-07,09:33:28,23600.0,0.0,0.0,23500.0,1.0,23400.0,1.0,23300.0,1.0,23200.0,1,23100.0,1.0,23000.0,1.0,22900.0,1.0,22800.0,1.0,22700.0,1.0,22600.0,1.0,23600.0,0.77,23700.0,1.0,23800.0,1.0,23900.0,1.0,24000.0,1.0,24100.0,1.0,24200.0,1.0,24300.0,1.0,24400.0,1.0,24500.0,1.0
000629.SZ,2020-08-07,09:33:29,23600.0,0.0136054421768707,321.08843537414964,23500.0,1.0,23400.0,1.0,23300.0,1.0,23200.0,1,23100.0,1.0,23000.0,1.0,22900.0,1.0,22800.0,1.0,22700.0,1.0,22600.0,1.0,23600.0,0.77,23700.0,1.0,23800.0,1.0,23900.0,1.0,24000.0,1.0,24100.0,1.0,24200.0,1.0,24300.0,1.0,24400.0,1.0,24500.0,1.0
000629.SZ,2020-08-07,09:33:30,23600.0,0.272108843537415,6421.768707482994,23500.0,1.0,23400.0,1.0,23300.0,1.0,23200.0,1,23100.0,1.0,23000.0,1.0,22900.0,1.0,22800.0,1.0,22700.0,1.0,22600.0,1.0,23600.0,0.77,23700.0,1.0,23800.0,1.0,23900.0,1.0,24000.0,1.0,24100.0,1.0,24200.0,1.0,24300.0,1.0,24400.0,1.0,24500.0,1.0
000629.SZ,2020-08-07,09:33:31,23600.0,0.0680272108843537,1605.4421768707484,23500.0,1.0,23400.0,1.0,23300.0,1.0,23200.0,1,23100.0,1.0,23000.0,1.0,22900.0,1.0,22800.0,1.0,22700.0,1.0,22600.0,1.0,23600.0,0.77,23700.0,1.0,23800.0,1.0,23900.0,1.0,24000.0,1.0,24100.0,1.0,24200.0,1.0,24300.0,1.0,24400.0,1.0,24500.0,1.0
000629.SZ,2020-08-07,09:33:32,23600.0,0.0435374149659863,1031.8367346938776,23600.0,0.35,23500.0,1.0,23400.0,1.0,23300.0,1,23200.0,1.0,23100.0,1.0,23000.0,1.0,22900.0,1.0,22800.0,1.0,22700.0,1.0,23700.0,1.0,23800.0,1.0,23900.0,1.0,24000.0,1.0,24100.0,1.0,24200.0,1.0,24300.0,1.0,24400.0,1.0,24500.0,1.0,24600.0,1.0
000629.SZ,2020-08-07,09:33:33,23700.0,0.0544217687074829,1284.3537414965986,23600.0,0.31,23500.0,1.0,23400.0,1.0,23300.0,1,23200.0,1.0,23100.0,1.0,23000.0,1.0,22900.0,1.0,22800.0,1.0,22700.0,1.0,23700.0,1.0,23800.0,1.0,23900.0,1.0,24000.0,1.0,24100.0,1.0,24200.0,1.0,24300.0,1.0,24400.0,1.0,24500.0,1.0,24600.0,1.0
000629.SZ,2020-08-07,09:33:34,23600.0,0.0421768707482993,995.374149659864,23600.0,0.3,23500.0,1.0,23400.0,1.0,23300.0,1,23200.0,1.0,23100.0,1.0,23000.0,1.0,22900.0,1.0,22800.0,1.0,22700.0,1.0,23700.0,1.0,23800.0,1.0,23900.0,1.0,24000.0,1.0,24100.0,1.0,24200.0,1.0,24300.0,1.0,24400.0,1.0,24500.0,1.0,24600.0,1.0
000629.SZ,2020-08-07,09:33:35,23600.0,0.1836734693877551,4334.693877551021,23600.0,0.18,23500.0,1.0,23400.0,1.0,23300.0,1,23200.0,1.0,23100.0,1.0,23000.0,1.0,22900.0,1.0,22800.0,1.0,22700.0,1.0,23700.0,1.0,23800.0,1.0,23900.0,1.0,24000.0,1.0,24100.0,1.0,24200.0,1.0,24300.0,1.0,24400.0,1.0,24500.0,1.0,24600.0,1.0
000629.SZ,2020-08-07,09:33:36,23600.0,0.545578231292517,12875.646258503402,23600.0,1.0,23500.0,1.0,23400.0,1.0,23300.0,1,23200.0,1.0,23100.0,1.0,23000.0,1.0,22900.0,1.0,22800.0,1.0,22700.0,1.0,23700.0,1.0,23800.0,1.0,23900.0,1.0,24000.0,1.0,24100.0,1.0,24200.0,1.0,24300.0,1.0,24400.0,1.0,24500.0,1.0,24600.0,1.0
000629.SZ,2020-08-07,09:33:37,23600.0,0.272108843537415,6421.768707482994,23600.0,1.0,23500.0,1.0,23400.0,1.0,23300.0,1,23200.0,1.0,23100.0,1.0,23000.0,1.0,22900.0,1.0,22800.0,1.0,22700.0,1.0,23700.0,1.0,23800.0,1.0,23900.0,1.0,24000.0,1.0,24100.0,1.0,24200.0,1.0,24300.0,1.0,24400.0,1.0,24500.0,1.0,24600.0,1.0
000629.SZ,2020-08-07,09:33:38,23600.0,0.0408163265306122,963.2653061224488,23600.0,1.0,23500.0,1.0,23400.0,1.0,23300.0,1,23200.0,1.0,23100.0,1.0,23000.0,1.0,22900.0,1.0,22800.0,1.0,22700.0,1.0,23700.0,1.0,23800.0,1.0,23900.0,1.0,24000.0,1.0,24100.0,1.0,24200.0,1.0,24300.0,1.0,24400.0,1.0,24500.0,1.0,24600.0,1.0
000629.SZ,2020-08-07,09:33:39,23600.0,0.0,0.0,23600.0,1.0,23500.0,1.0,23400.0,1.0,23300.0,1,23200.0,1.0,23100.0,1.0,23000.0,1.0,22900.0,1.0,22800.0,1.0,22700.0,1.0,23700.0,1.0,23800.0,1.0,23900.0,1.0,24000.0,1.0,24100.0,1.0,24200.0,1.0,24300.0,1.0,24400.0,1.0,24500.0,1.0,24600.0,1.0
000629.SZ,2020-08-07,09:33:40,23600.0,0.0054421768707482,128.9795918367347,23600.0,1.0,23500.0,1.0,23400.0,1.0,23300.0,1,23200.0,1.0,23100.0,1.0,23000.0,1.0,22900.0,1.0,22800.0,1.0,22700.0,1.0,23700.0,1.0,23800.0,1.0,23900.0,1.0,24000.0,1.0,24100.0,1.0,24200.0,1.0,24300.0,1.0,24400.0,1.0,24500.0,1.0,24600.0,1.0
000629.SZ,2020-08-07,09:33:41,23700.0,0.4530612244897959,10737.097959183671,23600.0,1.0,23500.0,1.0,23400.0,1.0,23300.0,1,23200.0,1.0,23100.0,1.0,23000.0,1.0,22900.0,1.0,22800.0,1.0,22700.0,1.0,23700.0,1.0,23800.0,1.0,23900.0,1.0,24000.0,1.0,24100.0,1.0,24200.0,1.0,24300.0,1.0,24400.0,1.0,24500.0,1.0,24600.0,1.0
000629.SZ,2020-08-07,09:33:42,23700.0,0.0312925170068027,738.5034013605443,23600.0,1.0,23500.0,1.0,23400.0,1.0,23300.0,1,23200.0,1.0,23100.0,1.0,23000.0,1.0,22900.0,1.0,22800.0,1.0,22700.0,1.0,23700.0,1.0,23800.0,1.0,23900.0,1.0,24000.0,1.0,24100.0,1.0,24200.0,1.0,24300.0,1.0,24400.0,1.0,24500.0,1.0,24600.0,1.0
000629.SZ,2020-08-07,09:33:43,23600.0,0.0,0.0,23600.0,1.0,23500.0,1.0,23400.0,1.0,23300.0,1,23200.0,1.0,23100.0,1.0,23000.0,1.0,22900.0,1.0,22800.0,1.0,22700.0,1.0,23700.0,1.0,23800.0,1.0,23900.0,1.0,24000.0,1.0,24100.0,1.0,24200.0,1.0,24300.0,1.0,24400.0,1.0,24500.0,1.0,24600.0,1.0
000629.SZ,2020-08-07,09:33:44,23600.0,0.0,0.0,23600.0,1.0,23500.0,1.0,23400.0,1.0,23300.0,1,23200.0,1.0,23100.0,1.0,23000.0,1.0,22900.0,1.0,22800.0,1.0,22700.0,1.0,23700.0,1.0,23800.0,1.0,23900.0,1.0,24000.0,1.0,24100.0,1.0,24200.0,1.0,24300.0,1.0,24400.0,1.0,24500.0,1.0,24600.0,1.0
000629.SZ,2020-08-07,09:33:45,23600.0,0.0544217687074829,1289.795918367347,23600.0,1.0,23500.0,1.0,23400.0,1.0,23300.0,1,23200.0,1.0,23100.0,1.0,23000.0,1.0,22900.0,1.0,22800.0,1.0,22700.0,1.0,23700.0,1.0,23800.0,1.0,23900.0,1.0,24000.0,1.0,24100.0,1.0,24200.0,1.0,24300.0,1.0,24400.0,1.0,24500.0,1.0,24600.0,1.0
000629.SZ,2020-08-07,09:33:46,23700.0,0.0,0.0,23600.0,1.0,23500.0,1.0,23400.0,1.0,23300.0,1,23200.0,1.0,23100.0,1.0,23000.0,1.0,22900.0,1.0,22800.0,1.0,22700.0,1.0,23700.0,1.0,23800.0,1.0,23900.0,1.0,24000.0,1.0,24100.0,1.0,24200.0,1.0,24300.0,1.0,24400.0,1.0,24500.0,1.0,24600.0,1.0
000629.SZ,2020-08-07,09:33:47,23700.0,0.0748299319727891,1766.8843537414966,23600.0,1.0,23500.0,1.0,23400.0,1.0,23300.0,1,23200.0,1.0,23100.0,1.0,23000.0,1.0,22900.0,1.0,22800.0,1.0,22700.0,1.0,23700.0,1.0,23800.0,1.0,23900.0,1.0,24000.0,1.0,24100.0,1.0,24200.0,1.0,24300.0,1.0,24400.0,1.0,24500.0,1.0,24600.0,1.0
000629.SZ,2020-08-07,09:33:48,23600.0,0.0068027210884353,160.54421768707482,23600.0,1.0,23500.0,1.0,23400.0,1.0,23300.0,1,23200.0,1.0,23100.0,1.0,23000.0,1.0,22900.0,1.0,22800.0,1.0,22700.0,1.0,23700.0,1.0,23800.0,1.0,23900.0,1.0,24000.0,1.0,24100.0,1.0,24200.0,1.0,24300.0,1.0,24400.0,1.0,24500.0,1.0,24600.0,1.0
000629.SZ,2020-08-07,09:33:49,23600.0,0.0244897959183673,577.9591836734694,23600.0,1.0,23500.0,1.0,23400.0,1.0,23300.0,1,23200.0,1.0,23100.0,1.0,23000.0,1.0,22900.0,1.0,22800.0,1.0,22700.0,1.0,23700.0,1.0,23800.0,1.0,23900.0,1.0,24000.0,1.0,24100.0,1.0,24200.0,1.0,24300.0,1.0,24400.0,1.0,24500.0,1.0,24600.0,1.0
000629.SZ,2020-08-07,09:33:50,23600.0,0.0993197278911564,2350.699319727891,23600.0,1.0,23500.0,1.0,23400.0,1.0,23300.0,1,23200.0,1.0,23100.0,1.0,23000.0,1.0,22900.0,1.0,22800.0,1.0,22700.0,1.0,23700.0,1.0,23800.0,1.0,23900.0,1.0,24000.0,1.0,24100.0,1.0,24200.0,1.0,24300.0,1.0,24400.0,1.0,24500.0,1.0,24600.0,1.0
000629.SZ,2020-08-07,09:33:51,23600.0,0.0,0.0,23600.0,1.0,23500.0,1.0,23400.0,1.0,23300.0,1,23200.0,1.0,23100.0,1.0,23000.0,1.0,22900.0,1.0,22800.0,1.0,22700.0,1.0,23700.0,1.0,23800.0,1.0,23900.0,1.0,24000.0,1.0,24100.0,1.0,24200.0,1.0,24300.0,1.0,24400.0,1.0,24500.0,1.0,24600.0,1.0
000629.SZ,2020-08-07,09:33:52,23600.0,0.0,0.0,23600.0,1.0,23500.0,1.0,23400.0,1.0,23300.0,1,23200.0,1.0,23100.0,1.0,23000.0,1.0,22900.0,1.0,22800.0,1.0,22700.0,1.0,23700.0,1.0,23800.0,1.0,23900.0,1.0,24000.0,1.0,24100.0,1.0,24200.0,1.0,24300.0,1.0,24400.0,1.0,24500.0,1.0,24600.0,1.0
000629.SZ,2020-08-07,09:33:53,23600.0,0.0,0.0,23600.0,1.0,23500.0,1.0,23400.0,1.0,23300.0,1,23200.0,1.0,23100.0,1.0,23000.0,1.0,22900.0,1.0,22800.0,1.0,22700.0,1.0,23700.0,1.0,23800.0,1.0,23900.0,1.0,24000.0,1.0,24100.0,1.0,24200.0,1.0,24300.0,1.0,24400.0,1.0,24500.0,1.0,24600.0,1.0
000629.SZ,2020-08-07,09:33:54,23600.0,0.0068027210884353,160.54421768707482,23600.0,1.0,23500.0,1.0,23400.0,1.0,23300.0,1,23200.0,1.0,23100.0,1.0,23000.0,1.0,22900.0,1.0,22800.0,1.0,22700.0,1.0,23700.0,1.0,23800.0,1.0,23900.0,1.0,24000.0,1.0,24100.0,1.0,24200.0,1.0,24300.0,1.0,24400.0,1.0,24500.0,1.0,24600.0,1.0
000629.SZ,2020-08-07,09:33:55,23600.0,0.0,0.0,23600.0,1.0,23500.0,1.0,23400.0,1.0,23300.0,1,23200.0,1.0,23100.0,1.0,23000.0,1.0,22900.0,1.0,22800.0,1.0,22700.0,1.0,23700.0,1.0,23800.0,1.0,23900.0,1.0,24000.0,1.0,24100.0,1.0,24200.0,1.0,24300.0,1.0,24400.0,1.0,24500.0,1.0,24600.0,1.0
000629.SZ,2020-08-07,09:33:56,23600.0,0.0,0.0,23600.0,1.0,23500.0,1.0,23400.0,1.0,23300.0,1,23200.0,1.0,23100.0,1.0,23000.0,1.0,22900.0,1.0,22800.0,1.0,22700.0,1.0,23700.0,1.0,23800.0,1.0,23900.0,1.0,24000.0,1.0,24100.0,1.0,24200.0,1.0,24300.0,1.0,24400.0,1.0,24500.0,1.0,24600.0,1.0
000629.SZ,2020-08-07,09:33:57,23600.0,0.0,0.0,23600.0,1.0,23500.0,1.0,23400.0,1.0,23300.0,1,23200.0,1.0,23100.0,1.0,23000.0,1.0,22900.0,1.0,22800.0,1.0,22700.0,1.0,23700.0,1.0,23800.0,1.0,23900.0,1.0,24000.0,1.0,24100.0,1.0,24200.0,1.0,24300.0,1.0,24400.0,1.0,24500.0,1.0,24600.0,1.0
000629.SZ,2020-08-07,09:33:58,23600.0,0.0,0.0,23600.0,1.0,23500.0,1.0,23400.0,1.0,23300.0,1,23200.0,1.0,23100.0,1.0,23000.0,1.0,22900.0,1.0,22800.0,1.0,22700.0,1.0,23700.0,1.0,23800.0,1.0,23900.0,1.0,24000.0,1.0,24100.0,1.0,24200.0,1.0,24300.0,1.0,24400.0,1.0,24500.0,1.0,24600.0,1.0
000629.SZ,2020-08-07,09:33:59,23600.0,0.2693877551020408,6357.551020408164,23600.0,1.0,23500.0,1.0,23400.0,1.0,23300.0,1,23200.0,1.0,23100.0,1.0,23000.0,1.0,22900.0,1.0,22800.0,1.0,22700.0,1.0,23700.0,1.0,23800.0,1.0,23900.0,1.0,24000.0,1.0,24100.0,1.0,24200.0,1.0,24300.0,1.0,24400.0,1.0,24500.0,1.0,24600.0,1.0
000629.SZ,2020-08-07,09:34:00,23600.0,0.1061224489795918,2514.465306122449,23600.0,1.0,23500.0,1.0,23400.0,1.0,23300.0,1,23200.0,1.0,23100.0,1.0,23000.0,1.0,22900.0,1.0,22800.0,1.0,22700.0,1.0,23700.0,1.0,23800.0,1.0,23900.0,1.0,24000.0,1.0,24100.0,1.0,24200.0,1.0,24300.0,1.0,24400.0,1.0,24500.0,1.0,24600.0,1.0
000629.SZ,2020-08-07,09:34:01,23700.0,0.0108843537414965,256.8707482993197,23600.0,1.0,23500.0,1.0,23400.0,1.0,23300.0,1,23200.0,1.0,23100.0,1.0,23000.0,1.0,22900.0,1.0,22800.0,1.0,22700.0,1.0,23700.0,1.0,23800.0,1.0,23900.0,1.0,24000.0,1.0,24100.0,1.0,24200.0,1.0,24300.0,1.0,24400.0,1.0,24500.0,1.0,24600.0,1.0
000629.SZ,2020-08-07,09:34:02,23600.0,1.0,23600.0,23500.0,1.0,23400.0,1.0,23300.0,1.0,23200.0,1,23100.0,1.0,23000.0,1.0,22900.0,1.0,22800.0,1.0,22700.0,1.0,22600.0,1.0,23600.0,0.39,23700.0,1.0,23800.0,1.0,23900.0,1.0,24000.0,1.0,24100.0,1.0,24200.0,1.0,24300.0,1.0,24400.0,1.0,24500.0,1.0
000629.SZ,2020-08-07,09:34:03,23600.0,0.2421768707482993,5715.374149659864,23500.0,1.0,23400.0,1.0,23300.0,1.0,23200.0,1,23100.0,1.0,23000.0,1.0,22900.0,1.0,22800.0,1.0,22700.0,1.0,22600.0,1.0,23600.0,0.24,23700.0,1.0,23800.0,1.0,23900.0,1.0,24000.0,1.0,24100.0,1.0,24200.0,1.0,24300.0,1.0,24400.0,1.0,24500.0,1.0
000629.SZ,2020-08-07,09:34:04,23600.0,0.5081632653061224,11992.65306122449,23600.0,0.23,23500.0,1.0,23400.0,1.0,23300.0,1,23200.0,1.0,23100.0,1.0,23000.0,1.0,22900.0,1.0,22800.0,1.0,22700.0,1.0,23700.0,1.0,23800.0,1.0,23900.0,1.0,24000.0,1.0,24100.0,1.0,24200.0,1.0,24300.0,1.0,24400.0,1.0,24500.0,1.0,24600.0,1.0
000629.SZ,2020-08-07,09:34:05,23600.0,0.1374149659863945,3242.993197278912,23600.0,0.14,23500.0,1.0,23400.0,1.0,23300.0,1,23200.0,1.0,23100.0,1.0,23000.0,1.0,22900.0,1.0,22800.0,1.0,22700.0,1.0,23700.0,1.0,23800.0,1.0,23900.0,1.0,24000.0,1.0,24100.0,1.0,24200.0,1.0,24300.0,1.0,24400.0,1.0,24500.0,1.0,24600.0,1.0
000629.SZ,2020-08-07,09:34:06,23600.0,0.0054421768707482,128.43537414965985,23600.0,0.15,23500.0,1.0,23400.0,1.0,23300.0,1,23200.0,1.0,23100.0,1.0,23000.0,1.0,22900.0,1.0,22800.0,1.0,22700.0,1.0,23700.0,1.0,23800.0,1.0,23900.0,1.0,24000.0,1.0,24100.0,1.0,24200.0,1.0,24300.0,1.0,24400.0,1.0,24500.0,1.0,24600.0,1.0
000629.SZ,2020-08-07,09:34:07,23600.0,0.0571428571428571,1348.5714285714284,23500.0,1.0,23400.0,1.0,23300.0,1.0,23200.0,1,23100.0,1.0,23000.0,1.0,22900.0,1.0,22800.0,1.0,22700.0,1.0,22600.0,1.0,23600.0,0.14,23700.0,1.0,23800.0,1.0,23900.0,1.0,24000.0,1.0,24100.0,1.0,24200.0,1.0,24300.0,1.0,24400.0,1.0,24500.0,1.0
000629.SZ,2020-08-07,09:34:08,23600.0,0.364625850340136,8605.170068027212,23600.0,0.03,23500.0,1.0,23400.0,1.0,23300.0,1,23200.0,1.0,23100.0,1.0,23000.0,1.0,22900.0,1.0,22800.0,1.0,22700.0,1.0,23700.0,1.0,23800.0,1.0,23900.0,1.0,24000.0,1.0,24100.0,1.0,24200.0,1.0,24300.0,1.0,24400.0,1.0,24500.0,1.0,24600.0,1.0
000629.SZ,2020-08-07,09:34:09,23600.0,0.1741496598639455,4105.055782312925,23500.0,1.0,23400.0,1.0,23300.0,1.0,23200.0,1,23100.0,1.0,23000.0,1.0,22900.0,1.0,22800.0,1.0,22700.0,1.0,22600.0,1.0,23600.0,0.82,23700.0,1.0,23800.0,1.0,23900.0,1.0,24000.0,1.0,24100.0,1.0,24200.0,1.0,24300.0,1.0,24400.0,1.0,24500.0,1.0
000629.SZ,2020-08-07,09:34:10,23500.0,0.6149659863945578,14513.197278911564,23500.0,1.0,23400.0,1.0,23300.0,1.0,23200.0,1,23100.0,1.0,23000.0,1.0,22900.0,1.0,22800.0,1.0,22700.0,1.0,22600.0,1.0,23600.0,0.41,23700.0,1.0,23800.0,1.0,23900.0,1.0,24000.0,1.0,24100.0,1.0,24200.0,1.0,24300.0,1.0,24400.0,1.0,24500.0,1.0
000629.SZ,2020-08-07,09:34:11,23600.0,0.6816326530612244,16093.346938775509,23500.0,1.0,23400.0,1.0,23300.0,1.0,23200.0,1,23100.0,1.0,23000.0,1.0,22900.0,1.0,22800.0,1.0,22700.0,1.0,22600.0,1.0,23700.0,1.0,23800.0,1.0,23900.0,1.0,24000.0,1.0,24100.0,1.0,24200.0,1.0,24300.0,1.0,24400.0,1.0,24500.0,1.0,24600.0,1.0
000629.SZ,2020-08-07,09:34:12,23700.0,0.0,0.0,23500.0,1.0,23400.0,1.0,23300.0,1.0,23200.0,1,23100.0,1.0,23000.0,1.0,22900.0,1.0,22800.0,1.0,22700.0,1.0,22600.0,1.0,23700.0,1.0,23800.0,1.0,23900.0,1.0,24000.0,1.0,24100.0,1.0,24200.0,1.0,24300.0,1.0,24400.0,1.0,24500.0,1.0,24600.0,1.0
000629.SZ,2020-08-07,09:34:13,23700.0,0.0027210884353741,63.94557823129252,23500.0,1.0,23400.0,1.0,23300.0,1.0,23200.0,1,23100.0,1.0,23000.0,1.0,22900.0,1.0,22800.0,1.0,22700.0,1.0,22600.0,1.0,23700.0,1.0,23800.0,1.0,23900.0,1.0,24000.0,1.0,24100.0,1.0,24200.0,1.0,24300.0,1.0,24400.0,1.0,24500.0,1.0,24600.0,1.0
000629.SZ,2020-08-07,09:34:14,23500.0,0.0,0.0,23500.0,1.0,23400.0,1.0,23300.0,1.0,23200.0,1,23100.0,1.0,23000.0,1.0,22900.0,1.0,22800.0,1.0,22700.0,1.0,22600.0,1.0,23600.0,0.03,23700.0,1.0,23800.0,1.0,23900.0,1.0,24000.0,1.0,24100.0,1.0,24200.0,1.0,24300.0,1.0,24400.0,1.0,24500.0,1.0
000629.SZ,2020-08-07,09:34:15,23500.0,0.0530612244897959,1252.2448979591836,23500.0,1.0,23400.0,1.0,23300.0,1.0,23200.0,1,23100.0,1.0,23000.0,1.0,22900.0,1.0,22800.0,1.0,22700.0,1.0,22600.0,1.0,23600.0,0.5,23700.0,1.0,23800.0,1.0,23900.0,1.0,24000.0,1.0,24100.0,1.0,24200.0,1.0,24300.0,1.0,24400.0,1.0,24500.0,1.0
000629.SZ,2020-08-07,09:34:16,23600.0,0.1047619047619047,2472.3809523809523,23500.0,1.0,23400.0,1.0,23300.0,1.0,23200.0,1,23100.0,1.0,23000.0,1.0,22900.0,1.0,22800.0,1.0,22700.0,1.0,22600.0,1.0,23600.0,0.44,23700.0,1.0,23800.0,1.0,23900.0,1.0,24000.0,1.0,24100.0,1.0,24200.0,1.0,24300.0,1.0,24400.0,1.0,24500.0,1.0
000629.SZ,2020-08-07,09:34:17,23600.0,1.0,23600.0,23500.0,1.0,23400.0,1.0,23300.0,1.0,23200.0,1,23100.0,1.0,23000.0,1.0,22900.0,1.0,22800.0,1.0,22700.0,1.0,22600.0,1.0,23600.0,0.69,23700.0,1.0,23800.0,1.0,23900.0,1.0,24000.0,1.0,24100.0,1.0,24200.0,1.0,24300.0,1.0,24400.0,1.0,24500.0,1.0
000629.SZ,2020-08-07,09:34:18,23600.0,0.0721088435374149,1701.7687074829932,23500.0,1.0,23400.0,1.0,23300.0,1.0,23200.0,1,23100.0,1.0,23000.0,1.0,22900.0,1.0,22800.0,1.0,22700.0,1.0,22600.0,1.0,23600.0,0.64,23700.0,1.0,23800.0,1.0,23900.0,1.0,24000.0,1.0,24100.0,1.0,24200.0,1.0,24300.0,1.0,24400.0,1.0,24500.0,1.0
000629.SZ,2020-08-07,09:34:19,23600.0,0.0272108843537414,639.4557823129252,23500.0,1.0,23400.0,1.0,23300.0,1.0,23200.0,1,23100.0,1.0,23000.0,1.0,22900.0,1.0,22800.0,1.0,22700.0,1.0,22600.0,1.0,23600.0,0.64,23700.0,1.0,23800.0,1.0,23900.0,1.0,24000.0,1.0,24100.0,1.0,24200.0,1.0,24300.0,1.0,24400.0,1.0,24500.0,1.0
000629.SZ,2020-08-07,09:34:20,23500.0,0.1972789115646258,4655.78231292517,23500.0,1.0,23400.0,1.0,23300.0,1.0,23200.0,1,23100.0,1.0,23000.0,1.0,22900.0,1.0,22800.0,1.0,22700.0,1.0,22600.0,1.0,23600.0,0.51,23700.0,1.0,23800.0,1.0,23900.0,1.0,24000.0,1.0,24100.0,1.0,24200.0,1.0,24300.0,1.0,24400.0,1.0,24500.0,1.0
000629.SZ,2020-08-07,09:34:21,23600.0,1.0,23608.0,23600.0,0.0,23500.0,1.0,23400.0,1.0,23300.0,1,23200.0,1.0,23100.0,1.0,23000.0,1.0,22900.0,1.0,22800.0,1.0,22700.0,1.0,23700.0,1.0,23800.0,1.0,23900.0,1.0,24000.0,1.0,24100.0,1.0,24200.0,1.0,24300.0,1.0,24400.0,1.0,24500.0,1.0,24600.0,1.0
000629.SZ,2020-08-07,09:34:22,23700.0,0.001360544217687,32.10884353741496,23600.0,0.03,23500.0,1.0,23400.0,1.0,23300.0,1,23200.0,1.0,23100.0,1.0,23000.0,1.0,22900.0,1.0,22800.0,1.0,22700.0,1.0,23700.0,1.0,23800.0,1.0,23900.0,1.0,24000.0,1.0,24100.0,1.0,24200.0,1.0,24300.0,1.0,24400.0,1.0,24500.0,1.0,24600.0,1.0
000629.SZ,2020-08-07,09:34:23,23600.0,0.0,0.0,23600.0,0.52,23500.0,1.0,23400.0,1.0,23300.0,1,23200.0,1.0,23100.0,1.0,23000.0,1.0,22900.0,1.0,22800.0,1.0,22700.0,1.0,23700.0,1.0,23800.0,1.0,23900.0,1.0,24000.0,1.0,24100.0,1.0,24200.0,1.0,24300.0,1.0,24400.0,1.0,24500.0,1.0,24600.0,1.0
000629.SZ,2020-08-07,09:34:24,23600.0,0.0,0.0,23600.0,0.54,23500.0,1.0,23400.0,1.0,23300.0,1,23200.0,1.0,23100.0,1.0,23000.0,1.0,22900.0,1.0,22800.0,1.0,22700.0,1.0,23700.0,1.0,23800.0,1.0,23900.0,1.0,24000.0,1.0,24100.0,1.0,24200.0,1.0,24300.0,1.0,24400.0,1.0,24500.0,1.0,24600.0,1.0
000629.SZ,2020-08-07,09:34:25,23600.0,1.0,23574.0,23500.0,1.0,23400.0,1.0,23300.0,1.0,23200.0,1,23100.0,1.0,23000.0,1.0,22900.0,1.0,22800.0,1.0,22700.0,1.0,22600.0,1.0,23600.0,1.0,23700.0,1.0,23800.0,1.0,23900.0,1.0,24000.0,1.0,24100.0,1.0,24200.0,1.0,24300.0,1.0,24400.0,1.0,24500.0,1.0
000629.SZ,2020-08-07,09:34:26,23500.0,0.0,0.0,23500.0,1.0,23400.0,1.0,23300.0,1.0,23200.0,1,23100.0,1.0,23000.0,1.0,22900.0,1.0,22800.0,1.0,22700.0,1.0,22600.0,1.0,23600.0,1.0,23700.0,1.0,23800.0,1.0,23900.0,1.0,24000.0,1.0,24100.0,1.0,24200.0,1.0,24300.0,1.0,24400.0,1.0,24500.0,1.0
000629.SZ,2020-08-07,09:34:27,23500.0,0.2775510204081632,6550.204081632653,23500.0,1.0,23400.0,1.0,23300.0,1.0,23200.0,1,23100.0,1.0,23000.0,1.0,22900.0,1.0,22800.0,1.0,22700.0,1.0,22600.0,1.0,23600.0,1.0,23700.0,1.0,23800.0,1.0,23900.0,1.0,24000.0,1.0,24100.0,1.0,24200.0,1.0,24300.0,1.0,24400.0,1.0,24500.0,1.0
000629.SZ,2020-08-07,09:34:28,23600.0,0.4068027210884353,9600.544217687077,23500.0,1.0,23400.0,1.0,23300.0,1.0,23200.0,1,23100.0,1.0,23000.0,1.0,22900.0,1.0,22800.0,1.0,22700.0,1.0,22600.0,1.0,23600.0,0.91,23700.0,1.0,23800.0,1.0,23900.0,1.0,24000.0,1.0,24100.0,1.0,24200.0,1.0,24300.0,1.0,24400.0,1.0,24500.0,1.0
000629.SZ,2020-08-07,09:34:29,23600.0,0.0027210884353741,64.21768707482993,23500.0,1.0,23400.0,1.0,23300.0,1.0,23200.0,1,23100.0,1.0,23000.0,1.0,22900.0,1.0,22800.0,1.0,22700.0,1.0,22600.0,1.0,23600.0,1.0,23700.0,1.0,23800.0,1.0,23900.0,1.0,24000.0,1.0,24100.0,1.0,24200.0,1.0,24300.0,1.0,24400.0,1.0,24500.0,1.0
000629.SZ,2020-08-07,09:34:30,23600.0,0.0,0.0,23500.0,1.0,23400.0,1.0,23300.0,1.0,23200.0,1,23100.0,1.0,23000.0,1.0,22900.0,1.0,22800.0,1.0,22700.0,1.0,22600.0,1.0,23600.0,1.0,23700.0,1.0,23800.0,1.0,23900.0,1.0,24000.0,1.0,24100.0,1.0,24200.0,1.0,24300.0,1.0,24400.0,1.0,24500.0,1.0
000629.SZ,2020-08-07,09:34:31,23600.0,0.0,0.0,23500.0,1.0,23400.0,1.0,23300.0,1.0,23200.0,1,23100.0,1.0,23000.0,1.0,22900.0,1.0,22800.0,1.0,22700.0,1.0,22600.0,1.0,23600.0,1.0,23700.0,1.0,23800.0,1.0,23900.0,1.0,24000.0,1.0,24100.0,1.0,24200.0,1.0,24300.0,1.0,24400.0,1.0,24500.0,1.0
000629.SZ,2020-08-07,09:34:32,23600.0,0.1523809523809524,3596.1904761904766,23500.0,1.0,23400.0,1.0,23300.0,1.0,23200.0,1,23100.0,1.0,23000.0,1.0,22900.0,1.0,22800.0,1.0,22700.0,1.0,22600.0,1.0,23600.0,1.0,23700.0,1.0,23800.0,1.0,23900.0,1.0,24000.0,1.0,24100.0,1.0,24200.0,1.0,24300.0,1.0,24400.0,1.0,24500.0,1.0
000629.SZ,2020-08-07,09:34:33,23600.0,0.0585034013605442,1380.6802721088436,23500.0,1.0,23400.0,1.0,23300.0,1.0,23200.0,1,23100.0,1.0,23000.0,1.0,22900.0,1.0,22800.0,1.0,22700.0,1.0,22600.0,1.0,23600.0,1.0,23700.0,1.0,23800.0,1.0,23900.0,1.0,24000.0,1.0,24100.0,1.0,24200.0,1.0,24300.0,1.0,24400.0,1.0,24500.0,1.0
000629.SZ,2020-08-07,09:34:34,23600.0,0.0680272108843537,1605.4421768707484,23500.0,1.0,23400.0,1.0,23300.0,1.0,23200.0,1,23100.0,1.0,23000.0,1.0,22900.0,1.0,22800.0,1.0,22700.0,1.0,22600.0,1.0,23600.0,1.0,23700.0,1.0,23800.0,1.0,23900.0,1.0,24000.0,1.0,24100.0,1.0,24200.0,1.0,24300.0,1.0,24400.0,1.0,24500.0,1.0
000629.SZ,2020-08-07,09:34:35,23600.0,0.0,0.0,23500.0,1.0,23400.0,1.0,23300.0,1.0,23200.0,1,23100.0,1.0,23000.0,1.0,22900.0,1.0,22800.0,1.0,22700.0,1.0,22600.0,1.0,23600.0,1.0,23700.0,1.0,23800.0,1.0,23900.0,1.0,24000.0,1.0,24100.0,1.0,24200.0,1.0,24300.0,1.0,24400.0,1.0,24500.0,1.0
000629.SZ,2020-08-07,09:34:36,23600.0,0.0,0.0,23500.0,1.0,23400.0,1.0,23300.0,1.0,23200.0,1,23100.0,1.0,23000.0,1.0,22900.0,1.0,22800.0,1.0,22700.0,1.0,22600.0,1.0,23600.0,1.0,23700.0,1.0,23800.0,1.0,23900.0,1.0,24000.0,1.0,24100.0,1.0,24200.0,1.0,24300.0,1.0,24400.0,1.0,24500.0,1.0
000629.SZ,2020-08-07,09:34:37,23600.0,0.0680272108843537,1605.4421768707484,23500.0,1.0,23400.0,1.0,23300.0,1.0,23200.0,1,23100.0,1.0,23000.0,1.0,22900.0,1.0,22800.0,1.0,22700.0,1.0,22600.0,1.0,23600.0,1.0,23700.0,1.0,23800.0,1.0,23900.0,1.0,24000.0,1.0,24100.0,1.0,24200.0,1.0,24300.0,1.0,24400.0,1.0,24500.0,1.0
000629.SZ,2020-08-07,09:34:38,23600.0,0.0122448979591836,287.7551020408163,23500.0,1.0,23400.0,1.0,23300.0,1.0,23200.0,1,23100.0,1.0,23000.0,1.0,22900.0,1.0,22800.0,1.0,22700.0,1.0,22600.0,1.0,23600.0,1.0,23700.0,1.0,23800.0,1.0,23900.0,1.0,24000.0,1.0,24100.0,1.0,24200.0,1.0,24300.0,1.0,24400.0,1.0,24500.0,1.0
000629.SZ,2020-08-07,09:34:39,23500.0,0.0312925170068027,735.374149659864,23500.0,1.0,23400.0,1.0,23300.0,1.0,23200.0,1,23100.0,1.0,23000.0,1.0,22900.0,1.0,22800.0,1.0,22700.0,1.0,22600.0,1.0,23600.0,1.0,23700.0,1.0,23800.0,1.0,23900.0,1.0,24000.0,1.0,24100.0,1.0,24200.0,1.0,24300.0,1.0,24400.0,1.0,24500.0,1.0
000629.SZ,2020-08-07,09:34:40,23500.0,0.6816326530612244,16085.848979591836,23500.0,1.0,23400.0,1.0,23300.0,1.0,23200.0,1,23100.0,1.0,23000.0,1.0,22900.0,1.0,22800.0,1.0,22700.0,1.0,22600.0,1.0,23600.0,1.0,23700.0,1.0,23800.0,1.0,23900.0,1.0,24000.0,1.0,24100.0,1.0,24200.0,1.0,24300.0,1.0,24400.0,1.0,24500.0,1.0
000629.SZ,2020-08-07,09:34:41,23600.0,0.0,0.0,23500.0,1.0,23400.0,1.0,23300.0,1.0,23200.0,1,23100.0,1.0,23000.0,1.0,22900.0,1.0,22800.0,1.0,22700.0,1.0,22600.0,1.0,23600.0,1.0,23700.0,1.0,23800.0,1.0,23900.0,1.0,24000.0,1.0,24100.0,1.0,24200.0,1.0,24300.0,1.0,24400.0,1.0,24500.0,1.0
000629.SZ,2020-08-07,09:34:42,23600.0,0.0,0.0,23500.0,1.0,23400.0,1.0,23300.0,1.0,23200.0,1,23100.0,1.0,23000.0,1.0,22900.0,1.0,22800.0,1.0,22700.0,1.0,22600.0,1.0,23600.0,1.0,23700.0,1.0,23800.0,1.0,23900.0,1.0,24000.0,1.0,24100.0,1.0,24200.0,1.0,24300.0,1.0,24400.0,1.0,24500.0,1.0
000629.SZ,2020-08-07,09:34:43,23600.0,0.0,0.0,23500.0,1.0,23400.0,1.0,23300.0,1.0,23200.0,1,23100.0,1.0,23000.0,1.0,22900.0,1.0,22800.0,1.0,22700.0,1.0,22600.0,1.0,23600.0,1.0,23700.0,1.0,23800.0,1.0,23900.0,1.0,24000.0,1.0,24100.0,1.0,24200.0,1.0,24300.0,1.0,24400.0,1.0,24500.0,1.0
000629.SZ,2020-08-07,09:34:44,23600.0,0.0176870748299319,415.6462585034014,23500.0,1.0,23400.0,1.0,23300.0,1.0,23200.0,1,23100.0,1.0,23000.0,1.0,22900.0,1.0,22800.0,1.0,22700.0,1.0,22600.0,1.0,23600.0,1.0,23700.0,1.0,23800.0,1.0,23900.0,1.0,24000.0,1.0,24100.0,1.0,24200.0,1.0,24300.0,1.0,24400.0,1.0,24500.0,1.0
000629.SZ,2020-08-07,09:34:45,23500.0,0.0,0.0,23500.0,1.0,23400.0,1.0,23300.0,1.0,23200.0,1,23100.0,1.0,23000.0,1.0,22900.0,1.0,22800.0,1.0,22700.0,1.0,22600.0,1.0,23600.0,1.0,23700.0,1.0,23800.0,1.0,23900.0,1.0,24000.0,1.0,24100.0,1.0,24200.0,1.0,24300.0,1.0,24400.0,1.0,24500.0,1.0
000629.SZ,2020-08-07,09:34:46,23500.0,0.0040816326530612,96.32653061224492,23500.0,1.0,23400.0,1.0,23300.0,1.0,23200.0,1,23100.0,1.0,23000.0,1.0,22900.0,1.0,22800.0,1.0,22700.0,1.0,22600.0,1.0,23600.0,1.0,23700.0,1.0,23800.0,1.0,23900.0,1.0,24000.0,1.0,24100.0,1.0,24200.0,1.0,24300.0,1.0,24400.0,1.0,24500.0,1.0
000629.SZ,2020-08-07,09:34:47,23600.0,0.1360544217687075,3197.278911564626,23500.0,1.0,23400.0,1.0,23300.0,1.0,23200.0,1,23100.0,1.0,23000.0,1.0,22900.0,1.0,22800.0,1.0,22700.0,1.0,22600.0,1.0,23600.0,1.0,23700.0,1.0,23800.0,1.0,23900.0,1.0,24000.0,1.0,24100.0,1.0,24200.0,1.0,24300.0,1.0,24400.0,1.0,24500.0,1.0
000629.SZ,2020-08-07,09:34:48,23500.0,0.310204081632653,7316.473469387755,23500.0,1.0,23400.0,1.0,23300.0,1.0,23200.0,1,23100.0,1.0,23000.0,1.0,22900.0,1.0,22800.0,1.0,22700.0,1.0,22600.0,1.0,23600.0,1.0,23700.0,1.0,23800.0,1.0,23900.0,1.0,24000.0,1.0,24100.0,1.0,24200.0,1.0,24300.0,1.0,24400.0,1.0,24500.0,1.0
000629.SZ,2020-08-07,09:34:49,23600.0,0.0,0.0,23500.0,1.0,23400.0,1.0,23300.0,1.0,23200.0,1,23100.0,1.0,23000.0,1.0,22900.0,1.0,22800.0,1.0,22700.0,1.0,22600.0,1.0,23600.0,1.0,23700.0,1.0,23800.0,1.0,23900.0,1.0,24000.0,1.0,24100.0,1.0,24200.0,1.0,24300.0,1.0,24400.0,1.0,24500.0,1.0
000629.SZ,2020-08-07,09:34:50,23600.0,0.1170068027210884,2749.6598639455783,23500.0,1.0,23400.0,1.0,23300.0,1.0,23200.0,1,23100.0,1.0,23000.0,1.0,22900.0,1.0,22800.0,1.0,22700.0,1.0,22600.0,1.0,23600.0,1.0,23700.0,1.0,23800.0,1.0,23900.0,1.0,24000.0,1.0,24100.0,1.0,24200.0,1.0,24300.0,1.0,24400.0,1.0,24500.0,1.0
000629.SZ,2020-08-07,09:34:51,23500.0,0.0054421768707482,128.43537414965985,23500.0,1.0,23400.0,1.0,23300.0,1.0,23200.0,1,23100.0,1.0,23000.0,1.0,22900.0,1.0,22800.0,1.0,22700.0,1.0,22600.0,1.0,23600.0,1.0,23700.0,1.0,23800.0,1.0,23900.0,1.0,24000.0,1.0,24100.0,1.0,24200.0,1.0,24300.0,1.0,24400.0,1.0,24500.0,1.0
000629.SZ,2020-08-07,09:34:52,23600.0,0.0,0.0,23500.0,1.0,23400.0,1.0,23300.0,1.0,23200.0,1,23100.0,1.0,23000.0,1.0,22900.0,1.0,22800.0,1.0,22700.0,1.0,22600.0,1.0,23600.0,1.0,23700.0,1.0,23800.0,1.0,23900.0,1.0,24000.0,1.0,24100.0,1.0,24200.0,1.0,24300.0,1.0,24400.0,1.0,24500.0,1.0
000629.SZ,2020-08-07,09:34:53,23600.0,0.0,0.0,23500.0,1.0,23400.0,1.0,23300.0,1.0,23200.0,1,23100.0,1.0,23000.0,1.0,22900.0,1.0,22800.0,1.0,22700.0,1.0,22600.0,1.0,23600.0,1.0,23700.0,1.0,23800.0,1.0,23900.0,1.0,24000.0,1.0,24100.0,1.0,24200.0,1.0,24300.0,1.0,24400.0,1.0,24500.0,1.0
000629.SZ,2020-08-07,09:34:54,23600.0,0.0489795918367346,1155.9183673469388,23500.0,1.0,23400.0,1.0,23300.0,1.0,23200.0,1,23100.0,1.0,23000.0,1.0,22900.0,1.0,22800.0,1.0,22700.0,1.0,22600.0,1.0,23600.0,1.0,23700.0,1.0,23800.0,1.0,23900.0,1.0,24000.0,1.0,24100.0,1.0,24200.0,1.0,24300.0,1.0,24400.0,1.0,24500.0,1.0
000629.SZ,2020-08-07,09:34:55,23600.0,0.0,0.0,23500.0,1.0,23400.0,1.0,23300.0,1.0,23200.0,1,23100.0,1.0,23000.0,1.0,22900.0,1.0,22800.0,1.0,22700.0,1.0,22600.0,1.0,23600.0,1.0,23700.0,1.0,23800.0,1.0,23900.0,1.0,24000.0,1.0,24100.0,1.0,24200.0,1.0,24300.0,1.0,24400.0,1.0,24500.0,1.0
000629.SZ,2020-08-07,09:34:56,23600.0,0.2965986394557823,6970.36462585034,23500.0,1.0,23400.0,1.0,23300.0,1.0,23200.0,1,23100.0,1.0,23000.0,1.0,22900.0,1.0,22800.0,1.0,22700.0,1.0,22600.0,1.0,23600.0,1.0,23700.0,1.0,23800.0,1.0,23900.0,1.0,24000.0,1.0,24100.0,1.0,24200.0,1.0,24300.0,1.0,24400.0,1.0,24500.0,1.0
000629.SZ,2020-08-07,09:34:57,23600.0,0.1360544217687075,3210.884353741497,23500.0,1.0,23400.0,1.0,23300.0,1.0,23200.0,1,23100.0,1.0,23000.0,1.0,22900.0,1.0,22800.0,1.0,22700.0,1.0,22600.0,1.0,23600.0,1.0,23700.0,1.0,23800.0,1.0,23900.0,1.0,24000.0,1.0,24100.0,1.0,24200.0,1.0,24300.0,1.0,24400.0,1.0,24500.0,1.0
000629.SZ,2020-08-07,09:34:58,23600.0,0.0,0.0,23500.0,1.0,23400.0,1.0,23300.0,1.0,23200.0,1,23100.0,1.0,23000.0,1.0,22900.0,1.0,22800.0,1.0,22700.0,1.0,22600.0,1.0,23600.0,1.0,23700.0,1.0,23800.0,1.0,23900.0,1.0,24000.0,1.0,24100.0,1.0,24200.0,1.0,24300.0,1.0,24400.0,1.0,24500.0,1.0
000629.SZ,2020-08-07,09:34:59,23600.0,0.0027210884353741,64.21768707482993,23500.0,1.0,23400.0,1.0,23300.0,1.0,23200.0,1,23100.0,1.0,23000.0,1.0,22900.0,1.0,22800.0,1.0,22700.0,1.0,22600.0,1.0,23600.0,1.0,23700.0,1.0,23800.0,1.0,23900.0,1.0,24000.0,1.0,24100.0,1.0,24200.0,1.0,24300.0,1.0,24400.0,1.0,24500.0,1.0
000629.SZ,2020-08-07,09:35:00,23600.0,0.1986394557823129,4687.891156462585,23500.0,1.0,23400.0,1.0,23300.0,1.0,23200.0,1,23100.0,1.0,23000.0,1.0,22900.0,1.0,22800.0,1.0,22700.0,1.0,22600.0,1.0,23600.0,1.0,23700.0,1.0,23800.0,1.0,23900.0,1.0,24000.0,1.0,24100.0,1.0,24200.0,1.0,24300.0,1.0,24400.0,1.0,24500.0,1.0
000629.SZ,2020-08-07,09:35:01,23600.0,0.0,0.0,23500.0,1.0,23400.0,1.0,23300.0,1.0,23200.0,1,23100.0,1.0,23000.0,1.0,22900.0,1.0,22800.0,1.0,22700.0,1.0,22600.0,1.0,23600.0,1.0,23700.0,1.0,23800.0,1.0,23900.0,1.0,24000.0,1.0,24100.0,1.0,24200.0,1.0,24300.0,1.0,24400.0,1.0,24500.0,1.0
000629.SZ,2020-08-07,09:35:02,23600.0,0.001360544217687,32.10884353741496,23500.0,1.0,23400.0,1.0,23300.0,1.0,23200.0,1,23100.0,1.0,23000.0,1.0,22900.0,1.0,22800.0,1.0,22700.0,1.0,22600.0,1.0,23600.0,1.0,23700.0,1.0,23800.0,1.0,23900.0,1.0,24000.0,1.0,24100.0,1.0,24200.0,1.0,24300.0,1.0,24400.0,1.0,24500.0,1.0
000629.SZ,2020-08-07,09:35:03,23600.0,0.019047619047619,447.6190476190477,23500.0,1.0,23400.0,1.0,23300.0,1.0,23200.0,1,23100.0,1.0,23000.0,1.0,22900.0,1.0,22800.0,1.0,22700.0,1.0,22600.0,1.0,23600.0,1.0,23700.0,1.0,23800.0,1.0,23900.0,1.0,24000.0,1.0,24100.0,1.0,24200.0,1.0,24300.0,1.0,24400.0,1.0,24500.0,1.0
000629.SZ,2020-08-07,09:35:04,23500.0,0.0,0.0,23500.0,1.0,23400.0,1.0,23300.0,1.0,23200.0,1,23100.0,1.0,23000.0,1.0,22900.0,1.0,22800.0,1.0,22700.0,1.0,22600.0,1.0,23600.0,1.0,23700.0,1.0,23800.0,1.0,23900.0,1.0,24000.0,1.0,24100.0,1.0,24200.0,1.0,24300.0,1.0,24400.0,1.0,24500.0,1.0
000629.SZ,2020-08-07,09:35:05,23500.0,0.2829931972789116,6658.546938775511,23500.0,1.0,23400.0,1.0,23300.0,1.0,23200.0,1,23100.0,1.0,23000.0,1.0,22900.0,1.0,22800.0,1.0,22700.0,1.0,22600.0,1.0,23600.0,1.0,23700.0,1.0,23800.0,1.0,23900.0,1.0,24000.0,1.0,24100.0,1.0,24200.0,1.0,24300.0,1.0,24400.0,1.0,24500.0,1.0
000629.SZ,2020-08-07,09:35:06,23500.0,0.0,0.0,23500.0,1.0,23400.0,1.0,23300.0,1.0,23200.0,1,23100.0,1.0,23000.0,1.0,22900.0,1.0,22800.0,1.0,22700.0,1.0,22600.0,1.0,23600.0,1.0,23700.0,1.0,23800.0,1.0,23900.0,1.0,24000.0,1.0,24100.0,1.0,24200.0,1.0,24300.0,1.0,24400.0,1.0,24500.0,1.0
000629.SZ,2020-08-07,09:35:07,23500.0,0.1142857142857142,2697.142857142857,23500.0,1.0,23400.0,1.0,23300.0,1.0,23200.0,1,23100.0,1.0,23000.0,1.0,22900.0,1.0,22800.0,1.0,22700.0,1.0,22600.0,1.0,23600.0,1.0,23700.0,1.0,23800.0,1.0,23900.0,1.0,24000.0,1.0,24100.0,1.0,24200.0,1.0,24300.0,1.0,24400.0,1.0,24500.0,1.0
000629.SZ,2020-08-07,09:35:08,23600.0,0.0,0.0,23500.0,1.0,23400.0,1.0,23300.0,1.0,23200.0,1,23100.0,1.0,23000.0,1.0,22900.0,1.0,22800.0,1.0,22700.0,1.0,22600.0,1.0,23600.0,1.0,23700.0,1.0,23800.0,1.0,23900.0,1.0,24000.0,1.0,24100.0,1.0,24200.0,1.0,24300.0,1.0,24400.0,1.0,24500.0,1.0
000629.SZ,2020-08-07,09:35:09,23600.0,0.1687074829931972,3964.625850340136,23500.0,1.0,23400.0,1.0,23300.0,1.0,23200.0,1,23100.0,1.0,23000.0,1.0,22900.0,1.0,22800.0,1.0,22700.0,1.0,22600.0,1.0,23600.0,1.0,23700.0,1.0,23800.0,1.0,23900.0,1.0,24000.0,1.0,24100.0,1.0,24200.0,1.0,24300.0,1.0,24400.0,1.0,24500.0,1.0
000629.SZ,2020-08-07,09:35:10,23500.0,0.0,0.0,23500.0,1.0,23400.0,1.0,23300.0,1.0,23200.0,1,23100.0,1.0,23000.0,1.0,22900.0,1.0,22800.0,1.0,22700.0,1.0,22600.0,1.0,23600.0,1.0,23700.0,1.0,23800.0,1.0,23900.0,1.0,24000.0,1.0,24100.0,1.0,24200.0,1.0,24300.0,1.0,24400.0,1.0,24500.0,1.0
000629.SZ,2020-08-07,09:35:11,23500.0,0.0122448979591836,287.7551020408163,23500.0,1.0,23400.0,1.0,23300.0,1.0,23200.0,1,23100.0,1.0,23000.0,1.0,22900.0,1.0,22800.0,1.0,22700.0,1.0,22600.0,1.0,23600.0,1.0,23700.0,1.0,23800.0,1.0,23900.0,1.0,24000.0,1.0,24100.0,1.0,24200.0,1.0,24300.0,1.0,24400.0,1.0,24500.0,1.0
000629.SZ,2020-08-07,09:35:12,23500.0,0.001360544217687,32.10884353741496,23500.0,1.0,23400.0,1.0,23300.0,1.0,23200.0,1,23100.0,1.0,23000.0,1.0,22900.0,1.0,22800.0,1.0,22700.0,1.0,22600.0,1.0,23600.0,1.0,23700.0,1.0,23800.0,1.0,23900.0,1.0,24000.0,1.0,24100.0,1.0,24200.0,1.0,24300.0,1.0,24400.0,1.0,24500.0,1.0
000629.SZ,2020-08-07,09:35:13,23600.0,0.2585034013605442,6100.680272108843,23500.0,1.0,23400.0,1.0,23300.0,1.0,23200.0,1,23100.0,1.0,23000.0,1.0,22900.0,1.0,22800.0,1.0,22700.0,1.0,22600.0,1.0,23600.0,1.0,23700.0,1.0,23800.0,1.0,23900.0,1.0,24000.0,1.0,24100.0,1.0,24200.0,1.0,24300.0,1.0,24400.0,1.0,24500.0,1.0
000629.SZ,2020-08-07,09:35:14,23600.0,0.6666666666666666,15727.333333333332,23500.0,1.0,23400.0,1.0,23300.0,1.0,23200.0,1,23100.0,1.0,23000.0,1.0,22900.0,1.0,22800.0,1.0,22700.0,1.0,22600.0,1.0,23600.0,1.0,23700.0,1.0,23800.0,1.0,23900.0,1.0,24000.0,1.0,24100.0,1.0,24200.0,1.0,24300.0,1.0,24400.0,1.0,24500.0,1.0
000629.SZ,2020-08-07,09:35:15,23500.0,0.2517006802721088,5914.965986394558,23500.0,1.0,23400.0,1.0,23300.0,1.0,23200.0,1,23100.0,1.0,23000.0,1.0,22900.0,1.0,22800.0,1.0,22700.0,1.0,22600.0,1.0,23600.0,1.0,23700.0,1.0,23800.0,1.0,23900.0,1.0,24000.0,1.0,24100.0,1.0,24200.0,1.0,24300.0,1.0,24400.0,1.0,24500.0,1.0
000629.SZ,2020-08-07,09:35:16,23500.0,0.1768707482993197,4156.4625850340135,23500.0,1.0,23400.0,1.0,23300.0,1.0,23200.0,1,23100.0,1.0,23000.0,1.0,22900.0,1.0,22800.0,1.0,22700.0,1.0,22600.0,1.0,23600.0,1.0,23700.0,1.0,23800.0,1.0,23900.0,1.0,24000.0,1.0,24100.0,1.0,24200.0,1.0,24300.0,1.0,24400.0,1.0,24500.0,1.0
000629.SZ,2020-08-07,09:35:17,23500.0,0.019047619047619,447.6190476190477,23500.0,1.0,23400.0,1.0,23300.0,1.0,23200.0,1,23100.0,1.0,23000.0,1.0,22900.0,1.0,22800.0,1.0,22700.0,1.0,22600.0,1.0,23600.0,1.0,23700.0,1.0,23800.0,1.0,23900.0,1.0,24000.0,1.0,24100.0,1.0,24200.0,1.0,24300.0,1.0,24400.0,1.0,24500.0,1.0
000629.SZ,2020-08-07,09:35:18,23500.0,0.0,0.0,23500.0,1.0,23400.0,1.0,23300.0,1.0,23200.0,1,23100.0,1.0,23000.0,1.0,22900.0,1.0,22800.0,1.0,22700.0,1.0,22600.0,1.0,23600.0,1.0,23700.0,1.0,23800.0,1.0,23900.0,1.0,24000.0,1.0,24100.0,1.0,24200.0,1.0,24300.0,1.0,24400.0,1.0,24500.0,1.0
000629.SZ,2020-08-07,09:35:19,23500.0,0.019047619047619,448.152380952381,23500.0,1.0,23400.0,1.0,23300.0,1.0,23200.0,1,23100.0,1.0,23000.0,1.0,22900.0,1.0,22800.0,1.0,22700.0,1.0,22600.0,1.0,23600.0,1.0,23700.0,1.0,23800.0,1.0,23900.0,1.0,24000.0,1.0,24100.0,1.0,24200.0,1.0,24300.0,1.0,24400.0,1.0,24500.0,1.0
000629.SZ,2020-08-07,09:35:20,23600.0,0.0,0.0,23500.0,1.0,23400.0,1.0,23300.0,1.0,23200.0,1,23100.0,1.0,23000.0,1.0,22900.0,1.0,22800.0,1.0,22700.0,1.0,22600.0,1.0,23600.0,1.0,23700.0,1.0,23800.0,1.0,23900.0,1.0,24000.0,1.0,24100.0,1.0,24200.0,1.0,24300.0,1.0,24400.0,1.0,24500.0,1.0
000629.SZ,2020-08-07,09:35:21,23600.0,0.0,0.0,23500.0,1.0,23400.0,1.0,23300.0,1.0,23200.0,1,23100.0,1.0,23000.0,1.0,22900.0,1.0,22800.0,1.0,22700.0,1.0,22600.0,1.0,23600.0,1.0,23700.0,1.0,23800.0,1.0,23900.0,1.0,24000.0,1.0,24100.0,1.0,24200.0,1.0,24300.0,1.0,24400.0,1.0,24500.0,1.0
000629.SZ,2020-08-07,09:35:22,23600.0,0.0122448979591836,288.9795918367347,23500.0,1.0,23400.0,1.0,23300.0,1.0,23200.0,1,23100.0,1.0,23000.0,1.0,22900.0,1.0,22800.0,1.0,22700.0,1.0,22600.0,1.0,23600.0,1.0,23700.0,1.0,23800.0,1.0,23900.0,1.0,24000.0,1.0,24100.0,1.0,24200.0,1.0,24300.0,1.0,24400.0,1.0,24500.0,1.0
000629.SZ,2020-08-07,09:35:23,23600.0,0.3836734693877551,9016.326530612245,23500.0,1.0,23400.0,1.0,23300.0,1.0,23200.0,1,23100.0,1.0,23000.0,1.0,22900.0,1.0,22800.0,1.0,22700.0,1.0,22600.0,1.0,23600.0,1.0,23700.0,1.0,23800.0,1.0,23900.0,1.0,24000.0,1.0,24100.0,1.0,24200.0,1.0,24300.0,1.0,24400.0,1.0,24500.0,1.0
000629.SZ,2020-08-07,09:35:24,23500.0,0.272108843537415,6394.557823129252,23500.0,1.0,23400.0,1.0,23300.0,1.0,23200.0,1,23100.0,1.0,23000.0,1.0,22900.0,1.0,22800.0,1.0,22700.0,1.0,22600.0,1.0,23600.0,1.0,23700.0,1.0,23800.0,1.0,23900.0,1.0,24000.0,1.0,24100.0,1.0,24200.0,1.0,24300.0,1.0,24400.0,1.0,24500.0,1.0
000629.SZ,2020-08-07,09:35:25,23500.0,0.0068027210884353,160.40816326530611,23500.0,1.0,23400.0,1.0,23300.0,1.0,23200.0,1,23100.0,1.0,23000.0,1.0,22900.0,1.0,22800.0,1.0,22700.0,1.0,22600.0,1.0,23600.0,1.0,23700.0,1.0,23800.0,1.0,23900.0,1.0,24000.0,1.0,24100.0,1.0,24200.0,1.0,24300.0,1.0,24400.0,1.0,24500.0,1.0
000629.SZ,2020-08-07,09:35:26,23600.0,0.0,0.0,23500.0,1.0,23400.0,1.0,23300.0,1.0,23200.0,1,23100.0,1.0,23000.0,1.0,22900.0,1.0,22800.0,1.0,22700.0,1.0,22600.0,1.0,23600.0,1.0,23700.0,1.0,23800.0,1.0,23900.0,1.0,24000.0,1.0,24100.0,1.0,24200.0,1.0,24300.0,1.0,24400.0,1.0,24500.0,1.0
000629.SZ,2020-08-07,09:35:27,23600.0,0.0299319727891156,704.4789115646258,23500.0,1.0,23400.0,1.0,23300.0,1.0,23200.0,1,23100.0,1.0,23000.0,1.0,22900.0,1.0,22800.0,1.0,22700.0,1.0,22600.0,1.0,23600.0,1.0,23700.0,1.0,23800.0,1.0,23900.0,1.0,24000.0,1.0,24100.0,1.0,24200.0,1.0,24300.0,1.0,24400.0,1.0,24500.0,1.0
000629.SZ,2020-08-07,09:35:28,23500.0,0.0653061224489796,1541.2244897959183,23500.0,1.0,23400.0,1.0,23300.0,1.0,23200.0,1,23100.0,1.0,23000.0,1.0,22900.0,1.0,22800.0,1.0,22700.0,1.0,22600.0,1.0,23600.0,1.0,23700.0,1.0,23800.0,1.0,23900.0,1.0,24000.0,1.0,24100.0,1.0,24200.0,1.0,24300.0,1.0,24400.0,1.0,24500.0,1.0
