StockCode,DataDate,UpdateTime,LastPrice,Volume,turnover,BidPrice1,BidVolume1,BidPrice2,BidVolume2,BidPrice3,BidVolume3,BidPrice4,BidVolume4,BidPrice5,BidVolume5,BidPrice6,BidVolume6,BidPrice7,BidVolume7,BidPrice8,BidVolume8,BidPrice9,BidVolume9,BidPrice10,BidVolume10,AskPrice1,AskVolume1,AskPrice2,AskVolume2,AskPrice3,AskVolume3,AskPrice4,AskVolume4,AskPrice5,AskVolume5,AskPrice6,AskVolume6,AskPrice7,AskVolume7,AskPrice8,AskVolume8,AskPrice9,AskVolume9,AskPrice10,AskVolume10
000629.SZ,2020-08-27,09:30:01,21600.0,50000.0,1080000000.0,21500.0,1.0,21400.0,1.0,21300.0,1.0,21200.0,1,21100.0,1.0,21000.0,1.0,20900.0,1.0,20800.0,1.0,20700.0,0.16,20600.0,0.18,21600.0,1.0,21700.0,1.0,21800.0,1.0,21900.0,1.0,22000.0,1.0,22100.0,1.0,22200.0,1.0,22300.0,1.0,22400.0,1.0,22500.0,1.0
000629.SZ,2020-08-27,09:30:02,21600.0,98300.0,2122788500.0,21500.0,1.0,21400.0,1.0,21300.0,1.0,21200.0,1,21100.0,1.0,21000.0,1.0,20900.0,1.0,20800.0,1.0,20700.0,0.16,20600.0,0.18,21600.0,0.26,21700.0,1.0,21800.0,1.0,21900.0,1.0,22000.0,1.0,22100.0,1.0,22200.0,1.0,22300.0,1.0,22400.0,1.0,22500.0,1.0
000629.SZ,2020-08-27,09:30:03,21500.0,31795.0,688298160.0,21600.0,0.41,21500.0,1.0,21400.0,1.0,21300.0,1,21200.0,1.0,21100.0,1.0,21000.0,1.0,20900.0,1.0,20800.0,1.0,20700.0,0.17,21700.0,1.0,21800.0,1.0,21900.0,1.0,22000.0,1.0,22100.0,1.0,22200.0,1.0,22300.0,1.0,22400.0,1.0,22500.0,1.0,22600.0,1.0
000629.SZ,2020-08-27,09:30:04,21700.0,900.0,19440000.0,21600.0,1.0,21500.0,1.0,21400.0,1.0,21300.0,1,21200.0,1.0,21100.0,1.0,21000.0,1.0,20900.0,1.0,20800.0,1.0,20700.0,0.17,21700.0,1.0,21800.0,1.0,21900.0,1.0,22000.0,1.0,22100.0,1.0,22200.0,1.0,22300.0,1.0,22400.0,1.0,22500.0,1.0,22600.0,1.0
000629.SZ,2020-08-27,09:30:05,21600.0,4500.0,97200000.0,21600.0,1.0,21500.0,1.0,21400.0,1.0,21300.0,1,21200.0,1.0,21100.0,1.0,21000.0,1.0,20900.0,1.0,20800.0,1.0,20700.0,0.17,21700.0,1.0,21800.0,1.0,21900.0,1.0,22000.0,1.0,22100.0,1.0,22200.0,1.0,22300.0,1.0,22400.0,1.0,22500.0,1.0,22600.0,1.0
000629.SZ,2020-08-27,09:30:06,21600.0,40905.0,883548000.0,21500.0,1.0,21400.0,1.0,21300.0,1.0,21200.0,1,21100.0,1.0,21000.0,1.0,20900.0,1.0,20800.0,1.0,20700.0,0.17,20600.0,1.0,21600.0,0.62,21700.0,1.0,21800.0,1.0,21900.0,1.0,22000.0,1.0,22100.0,1.0,22200.0,1.0,22300.0,1.0,22400.0,1.0,22500.0,1.0
000629.SZ,2020-08-27,09:30:07,21600.0,0.0,0.0,21500.0,1.0,21400.0,1.0,21300.0,1.0,21200.0,1,21100.0,1.0,21000.0,1.0,20900.0,1.0,20800.0,1.0,20700.0,0.17,20600.0,1.0,21600.0,0.64,21700.0,1.0,21800.0,1.0,21900.0,1.0,22000.0,1.0,22100.0,1.0,22200.0,1.0,22300.0,1.0,22400.0,1.0,22500.0,1.0
000629.SZ,2020-08-27,09:30:08,21600.0,0.0,0.0,21500.0,1.0,21400.0,1.0,21300.0,1.0,21200.0,1,21100.0,1.0,21000.0,1.0,20900.0,1.0,20800.0,1.0,20700.0,0.17,20600.0,1.0,21600.0,0.64,21700.0,1.0,21800.0,1.0,21900.0,1.0,22000.0,1.0,22100.0,1.0,22200.0,1.0,22300.0,1.0,22400.0,1.0,22500.0,1.0
000629.SZ,2020-08-27,09:30:09,21600.0,0.0,0.0,21500.0,1.0,21400.0,1.0,21300.0,1.0,21200.0,1,21100.0,1.0,21000.0,1.0,20900.0,1.0,20800.0,1.0,20700.0,0.17,20600.0,1.0,21600.0,0.64,21700.0,1.0,21800.0,1.0,21900.0,1.0,22000.0,1.0,22100.0,1.0,22200.0,1.0,22300.0,1.0,22400.0,1.0,22500.0,1.0
000629.SZ,2020-08-27,09:30:10,21600.0,0.0,0.0,21500.0,1.0,21400.0,1.0,21300.0,1.0,21200.0,1,21100.0,1.0,21000.0,1.0,20900.0,1.0,20800.0,1.0,20700.0,0.17,20600.0,1.0,21600.0,0.64,21700.0,1.0,21800.0,1.0,21900.0,1.0,22000.0,1.0,22100.0,1.0,22200.0,1.0,22300.0,1.0,22400.0,1.0,22500.0,1.0
000629.SZ,2020-08-27,09:30:11,21600.0,5100.0,109650000.0,21500.0,1.0,21400.0,1.0,21300.0,1.0,21200.0,1,21100.0,1.0,21000.0,1.0,20900.0,1.0,20800.0,1.0,20700.0,0.17,20600.0,1.0,21600.0,0.64,21700.0,1.0,21800.0,1.0,21900.0,1.0,22000.0,1.0,22100.0,1.0,22200.0,1.0,22300.0,1.0,22400.0,1.0,22500.0,1.0
000629.SZ,2020-08-27,09:30:12,21500.0,12000.0,259200000.0,21500.0,1.0,21400.0,1.0,21300.0,1.0,21200.0,1,21100.0,1.0,21000.0,1.0,20900.0,1.0,20800.0,1.0,20700.0,0.17,20600.0,1.0,21600.0,0.43,21700.0,1.0,21800.0,1.0,21900.0,1.0,22000.0,1.0,22100.0,1.0,22200.0,1.0,22300.0,1.0,22400.0,1.0,22500.0,1.0
000629.SZ,2020-08-27,09:30:13,21600.0,0.0,0.0,21500.0,1.0,21400.0,1.0,21300.0,1.0,21200.0,1,21100.0,1.0,21000.0,1.0,20900.0,1.0,20800.0,1.0,20700.0,0.17,20600.0,1.0,21600.0,0.43,21700.0,1.0,21800.0,1.0,21900.0,1.0,22000.0,1.0,22100.0,1.0,22200.0,1.0,22300.0,1.0,22400.0,1.0,22500.0,1.0
000629.SZ,2020-08-27,09:30:14,21600.0,0.0,0.0,21500.0,1.0,21400.0,1.0,21300.0,1.0,21200.0,1,21100.0,1.0,21000.0,1.0,20900.0,1.0,20800.0,1.0,20700.0,0.17,20600.0,1.0,21600.0,0.47,21700.0,1.0,21800.0,1.0,21900.0,1.0,22000.0,1.0,22100.0,1.0,22200.0,1.0,22300.0,1.0,22400.0,1.0,22500.0,1.0
000629.SZ,2020-08-27,09:30:15,21600.0,0.0,0.0,21500.0,1.0,21400.0,1.0,21300.0,1.0,21200.0,1,21100.0,1.0,21000.0,1.0,20900.0,1.0,20800.0,1.0,20700.0,0.17,20600.0,1.0,21600.0,0.47,21700.0,1.0,21800.0,1.0,21900.0,1.0,22000.0,1.0,22100.0,1.0,22200.0,1.0,22300.0,1.0,22400.0,1.0,22500.0,1.0
000629.SZ,2020-08-27,09:30:16,21600.0,0.0,0.0,21500.0,1.0,21400.0,1.0,21300.0,1.0,21200.0,1,21100.0,1.0,21000.0,1.0,20900.0,1.0,20800.0,1.0,20700.0,0.17,20600.0,1.0,21600.0,0.47,21700.0,1.0,21800.0,1.0,21900.0,1.0,22000.0,1.0,22100.0,1.0,22200.0,1.0,22300.0,1.0,22400.0,1.0,22500.0,1.0
000629.SZ,2020-08-27,09:30:17,21600.0,0.0,0.0,21500.0,1.0,21400.0,1.0,21300.0,1.0,21200.0,1,21100.0,1.0,21000.0,1.0,20900.0,1.0,20800.0,1.0,20700.0,0.17,20600.0,1.0,21600.0,0.47,21700.0,1.0,21800.0,1.0,21900.0,1.0,22000.0,1.0,22100.0,1.0,22200.0,1.0,22300.0,1.0,22400.0,1.0,22500.0,1.0
000629.SZ,2020-08-27,09:30:18,21600.0,0.0,0.0,21500.0,1.0,21400.0,1.0,21300.0,1.0,21200.0,1,21100.0,1.0,21000.0,1.0,20900.0,1.0,20800.0,1.0,20700.0,0.17,20600.0,1.0,21600.0,0.47,21700.0,1.0,21800.0,1.0,21900.0,1.0,22000.0,1.0,22100.0,1.0,22200.0,1.0,22300.0,1.0,22400.0,1.0,22500.0,1.0
000629.SZ,2020-08-27,09:30:19,21600.0,0.0,0.0,21500.0,1.0,21400.0,1.0,21300.0,1.0,21200.0,1,21100.0,1.0,21000.0,1.0,20900.0,1.0,20800.0,1.0,20700.0,0.17,20600.0,1.0,21600.0,0.47,21700.0,1.0,21800.0,1.0,21900.0,1.0,22000.0,1.0,22100.0,1.0,22200.0,1.0,22300.0,1.0,22400.0,1.0,22500.0,1.0
000629.SZ,2020-08-27,09:30:20,21600.0,0.0,0.0,21500.0,1.0,21400.0,1.0,21300.0,1.0,21200.0,1,21100.0,1.0,21000.0,1.0,20900.0,1.0,20800.0,1.0,20700.0,0.17,20600.0,1.0,21600.0,0.48,21700.0,1.0,21800.0,1.0,21900.0,1.0,22000.0,1.0,22100.0,1.0,22200.0,1.0,22300.0,1.0,22400.0,1.0,22500.0,1.0
000629.SZ,2020-08-27,09:30:21,21600.0,5315.0,114804000.0,21500.0,1.0,21400.0,1.0,21300.0,1.0,21200.0,1,21100.0,1.0,21000.0,1.0,20900.0,1.0,20800.0,1.0,20700.0,0.17,20600.0,1.0,21600.0,0.39,21700.0,1.0,21800.0,1.0,21900.0,1.0,22000.0,1.0,22100.0,1.0,22200.0,1.0,22300.0,1.0,22400.0,1.0,22500.0,1.0
000629.SZ,2020-08-27,09:30:22,21600.0,600.0,12960000.0,21500.0,1.0,21400.0,1.0,21300.0,1.0,21200.0,1,21100.0,1.0,21000.0,1.0,20900.0,1.0,20800.0,1.0,20700.0,0.17,20600.0,1.0,21600.0,0.39,21700.0,1.0,21800.0,1.0,21900.0,1.0,22000.0,1.0,22100.0,1.0,22200.0,1.0,22300.0,1.0,22400.0,1.0,22500.0,1.0
000629.SZ,2020-08-27,09:30:23,21600.0,1300.0,28080000.0,21500.0,1.0,21400.0,1.0,21300.0,1.0,21200.0,1,21100.0,1.0,21000.0,1.0,20900.0,1.0,20800.0,1.0,20700.0,0.17,20600.0,1.0,21600.0,0.39,21700.0,1.0,21800.0,1.0,21900.0,1.0,22000.0,1.0,22100.0,1.0,22200.0,1.0,22300.0,1.0,22400.0,1.0,22500.0,1.0
000629.SZ,2020-08-27,09:30:24,21600.0,2300.0,49680000.0,21500.0,1.0,21400.0,1.0,21300.0,1.0,21200.0,1,21100.0,1.0,21000.0,1.0,20900.0,1.0,20800.0,1.0,20700.0,0.17,20600.0,1.0,21600.0,0.39,21700.0,1.0,21800.0,1.0,21900.0,1.0,22000.0,1.0,22100.0,1.0,22200.0,1.0,22300.0,1.0,22400.0,1.0,22500.0,1.0
000629.SZ,2020-08-27,09:30:25,21600.0,400.0,8640000.0,21500.0,1.0,21400.0,1.0,21300.0,1.0,21200.0,1,21100.0,1.0,21000.0,1.0,20900.0,1.0,20800.0,1.0,20700.0,0.17,20600.0,1.0,21600.0,0.39,21700.0,1.0,21800.0,1.0,21900.0,1.0,22000.0,1.0,22100.0,1.0,22200.0,1.0,22300.0,1.0,22400.0,1.0,22500.0,1.0
000629.SZ,2020-08-27,09:30:26,21600.0,1000.0,21600000.0,21500.0,1.0,21400.0,1.0,21300.0,1.0,21200.0,1,21100.0,1.0,21000.0,1.0,20900.0,1.0,20800.0,1.0,20700.0,0.17,20600.0,1.0,21600.0,0.39,21700.0,1.0,21800.0,1.0,21900.0,1.0,22000.0,1.0,22100.0,1.0,22200.0,1.0,22300.0,1.0,22400.0,1.0,22500.0,1.0
000629.SZ,2020-08-27,09:30:27,21600.0,0.0,0.0,21500.0,1.0,21400.0,1.0,21300.0,1.0,21200.0,1,21100.0,1.0,21000.0,1.0,20900.0,1.0,20800.0,1.0,20700.0,0.17,20600.0,1.0,21600.0,0.39,21700.0,1.0,21800.0,1.0,21900.0,1.0,22000.0,1.0,22100.0,1.0,22200.0,1.0,22300.0,1.0,22400.0,1.0,22500.0,1.0
000629.SZ,2020-08-27,09:30:28,21600.0,0.0,0.0,21500.0,1.0,21400.0,1.0,21300.0,1.0,21200.0,1,21100.0,1.0,21000.0,1.0,20900.0,1.0,20800.0,1.0,20700.0,0.17,20600.0,1.0,21600.0,0.39,21700.0,1.0,21800.0,1.0,21900.0,1.0,22000.0,1.0,22100.0,1.0,22200.0,1.0,22300.0,1.0,22400.0,1.0,22500.0,1.0
000629.SZ,2020-08-27,09:30:29,21600.0,0.0,0.0,21500.0,1.0,21400.0,1.0,21300.0,1.0,21200.0,1,21100.0,1.0,21000.0,1.0,20900.0,1.0,20800.0,1.0,20700.0,0.17,20600.0,1.0,21600.0,0.39,21700.0,1.0,21800.0,1.0,21900.0,1.0,22000.0,1.0,22100.0,1.0,22200.0,1.0,22300.0,1.0,22400.0,1.0,22500.0,1.0
000629.SZ,2020-08-27,09:30:30,21600.0,0.0,0.0,21500.0,1.0,21400.0,1.0,21300.0,1.0,21200.0,1,21100.0,1.0,21000.0,1.0,20900.0,1.0,20800.0,1.0,20700.0,0.17,20600.0,1.0,21600.0,0.39,21700.0,1.0,21800.0,1.0,21900.0,1.0,22000.0,1.0,22100.0,1.0,22200.0,1.0,22300.0,1.0,22400.0,1.0,22500.0,1.0
000629.SZ,2020-08-27,09:30:31,21600.0,400.0,8640000.0,21500.0,1.0,21400.0,1.0,21300.0,1.0,21200.0,1,21100.0,1.0,21000.0,1.0,20900.0,1.0,20800.0,1.0,20700.0,0.17,20600.0,1.0,21600.0,0.39,21700.0,1.0,21800.0,1.0,21900.0,1.0,22000.0,1.0,22100.0,1.0,22200.0,1.0,22300.0,1.0,22400.0,1.0,22500.0,1.0
000629.SZ,2020-08-27,09:30:32,21600.0,100.0,2160000.0,21500.0,1.0,21400.0,1.0,21300.0,1.0,21200.0,1,21100.0,1.0,21000.0,1.0,20900.0,1.0,20800.0,1.0,20700.0,0.17,20600.0,1.0,21600.0,0.39,21700.0,1.0,21800.0,1.0,21900.0,1.0,22000.0,1.0,22100.0,1.0,22200.0,1.0,22300.0,1.0,22400.0,1.0,22500.0,1.0
000629.SZ,2020-08-27,09:30:33,21600.0,0.0,0.0,21500.0,1.0,21400.0,1.0,21300.0,1.0,21200.0,1,21100.0,1.0,21000.0,1.0,20900.0,1.0,20800.0,1.0,20700.0,0.17,20600.0,1.0,21600.0,0.39,21700.0,1.0,21800.0,1.0,21900.0,1.0,22000.0,1.0,22100.0,1.0,22200.0,1.0,22300.0,1.0,22400.0,1.0,22500.0,1.0
000629.SZ,2020-08-27,09:30:34,21600.0,20000.0,432000000.0,21500.0,1.0,21400.0,1.0,21300.0,1.0,21200.0,1,21100.0,1.0,21000.0,1.0,20900.0,1.0,20800.0,1.0,20700.0,0.17,20600.0,1.0,21600.0,0.39,21700.0,1.0,21800.0,1.0,21900.0,1.0,22000.0,1.0,22100.0,1.0,22200.0,1.0,22300.0,1.0,22400.0,1.0,22500.0,1.0
000629.SZ,2020-08-27,09:30:35,21600.0,385.0,8316000.0,21500.0,1.0,21400.0,1.0,21300.0,1.0,21200.0,1,21100.0,1.0,21000.0,1.0,20900.0,1.0,20800.0,1.0,20700.0,0.17,20600.0,1.0,21600.0,0.45,21700.0,1.0,21800.0,1.0,21900.0,1.0,22000.0,1.0,22100.0,1.0,22200.0,1.0,22300.0,1.0,22400.0,1.0,22500.0,1.0
000629.SZ,2020-08-27,09:30:36,21600.0,1000.0,21600000.0,21500.0,1.0,21400.0,1.0,21300.0,1.0,21200.0,1,21100.0,1.0,21000.0,1.0,20900.0,1.0,20800.0,1.0,20700.0,0.17,20600.0,1.0,21600.0,0.43,21700.0,1.0,21800.0,1.0,21900.0,1.0,22000.0,1.0,22100.0,1.0,22200.0,1.0,22300.0,1.0,22400.0,1.0,22500.0,1.0
000629.SZ,2020-08-27,09:30:37,21600.0,0.0,0.0,21500.0,1.0,21400.0,1.0,21300.0,1.0,21200.0,1,21100.0,1.0,21000.0,1.0,20900.0,1.0,20800.0,1.0,20700.0,0.17,20600.0,1.0,21600.0,0.55,21700.0,1.0,21800.0,1.0,21900.0,1.0,22000.0,1.0,22100.0,1.0,22200.0,1.0,22300.0,1.0,22400.0,1.0,22500.0,1.0
000629.SZ,2020-08-27,09:30:38,21600.0,0.0,0.0,21500.0,1.0,21400.0,1.0,21300.0,1.0,21200.0,1,21100.0,1.0,21000.0,1.0,20900.0,1.0,20800.0,1.0,20700.0,0.17,20600.0,1.0,21600.0,0.57,21700.0,1.0,21800.0,1.0,21900.0,1.0,22000.0,1.0,22100.0,1.0,22200.0,1.0,22300.0,1.0,22400.0,1.0,22500.0,1.0
000629.SZ,2020-08-27,09:30:39,21600.0,0.0,0.0,21500.0,1.0,21400.0,1.0,21300.0,1.0,21200.0,1,21100.0,1.0,21000.0,1.0,20900.0,1.0,20800.0,1.0,20700.0,0.17,20600.0,1.0,21600.0,0.57,21700.0,1.0,21800.0,1.0,21900.0,1.0,22000.0,1.0,22100.0,1.0,22200.0,1.0,22300.0,1.0,22400.0,1.0,22500.0,1.0
000629.SZ,2020-08-27,09:30:40,21600.0,0.0,0.0,21500.0,1.0,21400.0,1.0,21300.0,1.0,21200.0,1,21100.0,1.0,21000.0,1.0,20900.0,1.0,20800.0,1.0,20700.0,0.17,20600.0,1.0,21600.0,0.57,21700.0,1.0,21800.0,1.0,21900.0,1.0,22000.0,1.0,22100.0,1.0,22200.0,1.0,22300.0,1.0,22400.0,1.0,22500.0,1.0
000629.SZ,2020-08-27,09:30:41,21600.0,500.0,10750000.0,21500.0,1.0,21400.0,1.0,21300.0,1.0,21200.0,1,21100.0,1.0,21000.0,1.0,20900.0,1.0,20800.0,1.0,20700.0,0.17,20600.0,1.0,21600.0,0.57,21700.0,1.0,21800.0,1.0,21900.0,1.0,22000.0,1.0,22100.0,1.0,22200.0,1.0,22300.0,1.0,22400.0,1.0,22500.0,1.0
000629.SZ,2020-08-27,09:30:42,21500.0,500.0,10750000.0,21500.0,1.0,21400.0,1.0,21300.0,1.0,21200.0,1,21100.0,1.0,21000.0,1.0,20900.0,1.0,20800.0,1.0,20700.0,0.17,20600.0,1.0,21600.0,0.52,21700.0,1.0,21800.0,1.0,21900.0,1.0,22000.0,1.0,22100.0,1.0,22200.0,1.0,22300.0,1.0,22400.0,1.0,22500.0,1.0
000629.SZ,2020-08-27,09:30:43,21500.0,0.0,0.0,21500.0,1.0,21400.0,1.0,21300.0,1.0,21200.0,1,21100.0,1.0,21000.0,1.0,20900.0,1.0,20800.0,1.0,20700.0,0.17,20600.0,1.0,21600.0,0.68,21700.0,1.0,21800.0,1.0,21900.0,1.0,22000.0,1.0,22100.0,1.0,22200.0,1.0,22300.0,1.0,22400.0,1.0,22500.0,1.0
000629.SZ,2020-08-27,09:30:44,21500.0,5000.0,108000000.0,21500.0,1.0,21400.0,1.0,21300.0,1.0,21200.0,1,21100.0,1.0,21000.0,1.0,20900.0,1.0,20800.0,1.0,20700.0,0.17,20600.0,1.0,21600.0,0.59,21700.0,1.0,21800.0,1.0,21900.0,1.0,22000.0,1.0,22100.0,1.0,22200.0,1.0,22300.0,1.0,22400.0,1.0,22500.0,1.0
000629.SZ,2020-08-27,09:30:45,21600.0,11500.0,248400000.0,21600.0,0.68,21500.0,1.0,21400.0,1.0,21300.0,1,21200.0,1.0,21100.0,1.0,21000.0,1.0,20900.0,1.0,20800.0,1.0,20700.0,0.17,21700.0,1.0,21800.0,1.0,21900.0,1.0,22000.0,1.0,22100.0,1.0,22200.0,1.0,22300.0,1.0,22400.0,1.0,22500.0,1.0,22600.0,1.0
000629.SZ,2020-08-27,09:30:46,21600.0,4015.0,86724000.0,21600.0,0.61,21500.0,1.0,21400.0,1.0,21300.0,1,21200.0,1.0,21100.0,1.0,21000.0,1.0,20900.0,1.0,20800.0,1.0,20700.0,0.17,21700.0,1.0,21800.0,1.0,21900.0,1.0,22000.0,1.0,22100.0,1.0,22200.0,1.0,22300.0,1.0,22400.0,1.0,22500.0,1.0,22600.0,1.0
000629.SZ,2020-08-27,09:30:47,21600.0,14300.0,308880000.0,21600.0,0.39,21500.0,1.0,21400.0,1.0,21300.0,1,21200.0,1.0,21100.0,1.0,21000.0,1.0,20900.0,1.0,20800.0,1.0,20700.0,0.17,21700.0,1.0,21800.0,1.0,21900.0,1.0,22000.0,1.0,22100.0,1.0,22200.0,1.0,22300.0,1.0,22400.0,1.0,22500.0,1.0,22600.0,1.0
000629.SZ,2020-08-27,09:30:48,21600.0,500.0,10800000.0,21500.0,1.0,21400.0,1.0,21300.0,1.0,21200.0,1,21100.0,1.0,21000.0,1.0,20900.0,1.0,20800.0,1.0,20700.0,0.17,20600.0,1.0,21600.0,0.39,21700.0,1.0,21800.0,1.0,21900.0,1.0,22000.0,1.0,22100.0,1.0,22200.0,1.0,22300.0,1.0,22400.0,1.0,22500.0,1.0
000629.SZ,2020-08-27,09:30:49,21600.0,900.0,19449900.0,21600.0,0.52,21500.0,1.0,21400.0,1.0,21300.0,1,21200.0,1.0,21100.0,1.0,21000.0,1.0,20900.0,1.0,20800.0,1.0,20700.0,0.17,21700.0,1.0,21800.0,1.0,21900.0,1.0,22000.0,1.0,22100.0,1.0,22200.0,1.0,22300.0,1.0,22400.0,1.0,22500.0,1.0,22600.0,1.0
000629.SZ,2020-08-27,09:30:50,21600.0,0.0,0.0,21600.0,0.52,21500.0,1.0,21400.0,1.0,21300.0,1,21200.0,1.0,21100.0,1.0,21000.0,1.0,20900.0,1.0,20800.0,1.0,20700.0,0.17,21700.0,1.0,21800.0,1.0,21900.0,1.0,22000.0,1.0,22100.0,1.0,22200.0,1.0,22300.0,1.0,22400.0,1.0,22500.0,1.0,22600.0,1.0
000629.SZ,2020-08-27,09:30:51,21600.0,0.0,0.0,21600.0,0.52,21500.0,1.0,21400.0,1.0,21300.0,1,21200.0,1.0,21100.0,1.0,21000.0,1.0,20900.0,1.0,20800.0,1.0,20700.0,0.17,21700.0,1.0,21800.0,1.0,21900.0,1.0,22000.0,1.0,22100.0,1.0,22200.0,1.0,22300.0,1.0,22400.0,1.0,22500.0,1.0,22600.0,1.0
000629.SZ,2020-08-27,09:30:52,21600.0,2200.0,47520000.0,21600.0,0.48,21500.0,1.0,21400.0,1.0,21300.0,1,21200.0,1.0,21100.0,1.0,21000.0,1.0,20900.0,1.0,20800.0,1.0,20700.0,0.17,21700.0,1.0,21800.0,1.0,21900.0,1.0,22000.0,1.0,22100.0,1.0,22200.0,1.0,22300.0,1.0,22400.0,1.0,22500.0,1.0,22600.0,1.0
000629.SZ,2020-08-27,09:30:53,21600.0,0.0,0.0,21600.0,0.48,21500.0,1.0,21400.0,1.0,21300.0,1,21200.0,1.0,21100.0,1.0,21000.0,1.0,20900.0,1.0,20800.0,1.0,20700.0,0.17,21700.0,1.0,21800.0,1.0,21900.0,1.0,22000.0,1.0,22100.0,1.0,22200.0,1.0,22300.0,1.0,22400.0,1.0,22500.0,1.0,22600.0,1.0
000629.SZ,2020-08-27,09:30:54,21600.0,0.0,0.0,21600.0,0.48,21500.0,1.0,21400.0,1.0,21300.0,1,21200.0,1.0,21100.0,1.0,21000.0,1.0,20900.0,1.0,20800.0,1.0,20700.0,0.17,21700.0,1.0,21800.0,1.0,21900.0,1.0,22000.0,1.0,22100.0,1.0,22200.0,1.0,22300.0,1.0,22400.0,1.0,22500.0,1.0,22600.0,1.0
000629.SZ,2020-08-27,09:30:55,21600.0,5600.0,120960000.0,21600.0,0.47,21500.0,1.0,21400.0,1.0,21300.0,1,21200.0,1.0,21100.0,1.0,21000.0,1.0,20900.0,1.0,20800.0,1.0,20700.0,0.17,21700.0,1.0,21800.0,1.0,21900.0,1.0,22000.0,1.0,22100.0,1.0,22200.0,1.0,22300.0,1.0,22400.0,1.0,22500.0,1.0,22600.0,1.0
000629.SZ,2020-08-27,09:30:56,21600.0,0.0,0.0,21600.0,0.47,21500.0,1.0,21400.0,1.0,21300.0,1,21200.0,1.0,21100.0,1.0,21000.0,1.0,20900.0,1.0,20800.0,1.0,20700.0,0.17,21700.0,1.0,21800.0,1.0,21900.0,1.0,22000.0,1.0,22100.0,1.0,22200.0,1.0,22300.0,1.0,22400.0,1.0,22500.0,1.0,22600.0,1.0
000629.SZ,2020-08-27,09:30:57,21600.0,25700.0,555120000.0,21600.0,0.01,21500.0,1.0,21400.0,1.0,21300.0,1,21200.0,1.0,21100.0,1.0,21000.0,1.0,20900.0,1.0,20800.0,1.0,20700.0,0.17,21700.0,1.0,21800.0,1.0,21900.0,1.0,22000.0,1.0,22100.0,1.0,22200.0,1.0,22300.0,1.0,22400.0,1.0,22500.0,1.0,22600.0,1.0
000629.SZ,2020-08-27,09:30:58,21600.0,400.0,8640000.0,21600.0,0.01,21500.0,1.0,21400.0,1.0,21300.0,1,21200.0,1.0,21100.0,1.0,21000.0,1.0,20900.0,1.0,20800.0,1.0,20700.0,0.17,21700.0,1.0,21800.0,1.0,21900.0,1.0,22000.0,1.0,22100.0,1.0,22200.0,1.0,22300.0,1.0,22400.0,1.0,22500.0,1.0,22600.0,1.0
000629.SZ,2020-08-27,09:30:59,21600.0,0.0,0.0,21600.0,0.01,21500.0,1.0,21400.0,1.0,21300.0,1,21200.0,1.0,21100.0,1.0,21000.0,1.0,20900.0,1.0,20800.0,1.0,20700.0,0.17,21700.0,1.0,21800.0,1.0,21900.0,1.0,22000.0,1.0,22100.0,1.0,22200.0,1.0,22300.0,1.0,22400.0,1.0,22500.0,1.0,22600.0,1.0
000629.SZ,2020-08-27,09:31:00,21600.0,500.0,10850000.0,21600.0,0.03,21500.0,1.0,21400.0,1.0,21300.0,1,21200.0,1.0,21100.0,1.0,21000.0,1.0,20900.0,1.0,20800.0,1.0,20700.0,0.17,21700.0,1.0,21800.0,1.0,21900.0,1.0,22000.0,1.0,22100.0,1.0,22200.0,1.0,22300.0,1.0,22400.0,1.0,22500.0,1.0,22600.0,1.0
000629.SZ,2020-08-27,09:31:01,21700.0,500.0,10800000.0,21600.0,0.03,21500.0,1.0,21400.0,1.0,21300.0,1,21200.0,1.0,21100.0,1.0,21000.0,1.0,20900.0,1.0,20800.0,1.0,20700.0,0.17,21700.0,1.0,21800.0,1.0,21900.0,1.0,22000.0,1.0,22100.0,1.0,22200.0,1.0,22300.0,1.0,22400.0,1.0,22500.0,1.0,22600.0,1.0
000629.SZ,2020-08-27,09:31:02,21600.0,0.0,0.0,21600.0,0.03,21500.0,1.0,21400.0,1.0,21300.0,1,21200.0,1.0,21100.0,1.0,21000.0,1.0,20900.0,1.0,20800.0,1.0,20700.0,0.17,21700.0,1.0,21800.0,1.0,21900.0,1.0,22000.0,1.0,22100.0,1.0,22200.0,1.0,22300.0,1.0,22400.0,1.0,22500.0,1.0,22600.0,1.0
000629.SZ,2020-08-27,09:31:03,21600.0,0.0,0.0,21600.0,0.03,21500.0,1.0,21400.0,1.0,21300.0,1,21200.0,1.0,21100.0,1.0,21000.0,1.0,20900.0,1.0,20800.0,1.0,20700.0,0.17,21700.0,1.0,21800.0,1.0,21900.0,1.0,22000.0,1.0,22100.0,1.0,22200.0,1.0,22300.0,1.0,22400.0,1.0,22500.0,1.0,22600.0,1.0
000629.SZ,2020-08-27,09:31:04,21600.0,300.0,6480000.0,21600.0,0.02,21500.0,1.0,21400.0,1.0,21300.0,1,21200.0,1.0,21100.0,1.0,21000.0,1.0,20900.0,1.0,20800.0,1.0,20700.0,0.17,21700.0,1.0,21800.0,1.0,21900.0,1.0,22000.0,1.0,22100.0,1.0,22200.0,1.0,22300.0,1.0,22400.0,1.0,22500.0,1.0,22600.0,1.0
000629.SZ,2020-08-27,09:31:05,21600.0,0.0,0.0,21600.0,0.02,21500.0,1.0,21400.0,1.0,21300.0,1,21200.0,1.0,21100.0,1.0,21000.0,1.0,20900.0,1.0,20800.0,1.0,20700.0,0.17,21700.0,1.0,21800.0,1.0,21900.0,1.0,22000.0,1.0,22100.0,1.0,22200.0,1.0,22300.0,1.0,22400.0,1.0,22500.0,1.0,22600.0,1.0
000629.SZ,2020-08-27,09:31:06,21600.0,0.0,0.0,21600.0,0.02,21500.0,1.0,21400.0,1.0,21300.0,1,21200.0,1.0,21100.0,1.0,21000.0,1.0,20900.0,1.0,20800.0,1.0,20700.0,0.17,21700.0,1.0,21800.0,1.0,21900.0,1.0,22000.0,1.0,22100.0,1.0,22200.0,1.0,22300.0,1.0,22400.0,1.0,22500.0,1.0,22600.0,1.0
000629.SZ,2020-08-27,09:31:07,21600.0,0.0,0.0,21600.0,0.02,21500.0,1.0,21400.0,1.0,21300.0,1,21200.0,1.0,21100.0,1.0,21000.0,1.0,20900.0,1.0,20800.0,1.0,20700.0,0.17,21700.0,1.0,21800.0,1.0,21900.0,1.0,22000.0,1.0,22100.0,1.0,22200.0,1.0,22300.0,1.0,22400.0,1.0,22500.0,1.0,22600.0,1.0
000629.SZ,2020-08-27,09:31:08,21600.0,0.0,0.0,21600.0,0.02,21500.0,1.0,21400.0,1.0,21300.0,1,21200.0,1.0,21100.0,1.0,21000.0,1.0,20900.0,1.0,20800.0,1.0,20700.0,0.17,21700.0,1.0,21800.0,1.0,21900.0,1.0,22000.0,1.0,22100.0,1.0,22200.0,1.0,22300.0,1.0,22400.0,1.0,22500.0,1.0,22600.0,1.0
000629.SZ,2020-08-27,09:31:09,21600.0,0.0,0.0,21600.0,0.02,21500.0,1.0,21400.0,1.0,21300.0,1,21200.0,1.0,21100.0,1.0,21000.0,1.0,20900.0,1.0,20800.0,1.0,20700.0,0.17,21700.0,1.0,21800.0,1.0,21900.0,1.0,22000.0,1.0,22100.0,1.0,22200.0,1.0,22300.0,1.0,22400.0,1.0,22500.0,1.0,22600.0,1.0
000629.SZ,2020-08-27,09:31:10,21600.0,0.0,0.0,21600.0,0.02,21500.0,1.0,21400.0,1.0,21300.0,1,21200.0,1.0,21100.0,1.0,21000.0,1.0,20900.0,1.0,20800.0,1.0,20700.0,0.17,21700.0,1.0,21800.0,1.0,21900.0,1.0,22000.0,1.0,22100.0,1.0,22200.0,1.0,22300.0,1.0,22400.0,1.0,22500.0,1.0,22600.0,1.0
000629.SZ,2020-08-27,09:31:11,21600.0,0.0,0.0,21600.0,0.04,21500.0,1.0,21400.0,1.0,21300.0,1,21200.0,1.0,21100.0,1.0,21000.0,1.0,20900.0,1.0,20800.0,1.0,20700.0,0.17,21700.0,1.0,21800.0,1.0,21900.0,1.0,22000.0,1.0,22100.0,1.0,22200.0,1.0,22300.0,1.0,22400.0,1.0,22500.0,1.0,22600.0,1.0
000629.SZ,2020-08-27,09:31:12,21600.0,0.0,0.0,21600.0,0.04,21500.0,1.0,21400.0,1.0,21300.0,1,21200.0,1.0,21100.0,1.0,21000.0,1.0,20900.0,1.0,20800.0,1.0,20700.0,0.17,21700.0,1.0,21800.0,1.0,21900.0,1.0,22000.0,1.0,22100.0,1.0,22200.0,1.0,22300.0,1.0,22400.0,1.0,22500.0,1.0,22600.0,1.0
000629.SZ,2020-08-27,09:31:13,21600.0,0.0,0.0,21600.0,0.05,21500.0,1.0,21400.0,1.0,21300.0,1,21200.0,1.0,21100.0,1.0,21000.0,1.0,20900.0,1.0,20800.0,1.0,20700.0,0.17,21700.0,1.0,21800.0,1.0,21900.0,1.0,22000.0,1.0,22100.0,1.0,22200.0,1.0,22300.0,1.0,22400.0,1.0,22500.0,1.0,22600.0,1.0
000629.SZ,2020-08-27,09:31:14,21600.0,0.0,0.0,21600.0,0.05,21500.0,1.0,21400.0,1.0,21300.0,1,21200.0,1.0,21100.0,1.0,21000.0,1.0,20900.0,1.0,20800.0,1.0,20700.0,0.17,21700.0,1.0,21800.0,1.0,21900.0,1.0,22000.0,1.0,22100.0,1.0,22200.0,1.0,22300.0,1.0,22400.0,1.0,22500.0,1.0,22600.0,1.0
000629.SZ,2020-08-27,09:31:15,21600.0,0.0,0.0,21600.0,0.08,21500.0,1.0,21400.0,1.0,21300.0,1,21200.0,1.0,21100.0,1.0,21000.0,1.0,20900.0,1.0,20800.0,1.0,20700.0,0.17,21700.0,1.0,21800.0,1.0,21900.0,1.0,22000.0,1.0,22100.0,1.0,22200.0,1.0,22300.0,1.0,22400.0,1.0,22500.0,1.0,22600.0,1.0
000629.SZ,2020-08-27,09:31:16,21600.0,4685.0,101196000.0,21500.0,1.0,21400.0,1.0,21300.0,1.0,21200.0,1,21100.0,1.0,21000.0,1.0,20900.0,1.0,20800.0,1.0,20700.0,0.17,20600.0,1.0,21600.0,0.27,21700.0,1.0,21800.0,1.0,21900.0,1.0,22000.0,1.0,22100.0,1.0,22200.0,1.0,22300.0,1.0,22400.0,1.0,22500.0,1.0
000629.SZ,2020-08-27,09:31:17,21600.0,0.0,0.0,21500.0,1.0,21400.0,1.0,21300.0,1.0,21200.0,1,21100.0,1.0,21000.0,1.0,20900.0,1.0,20800.0,1.0,20700.0,0.17,20600.0,1.0,21600.0,0.27,21700.0,1.0,21800.0,1.0,21900.0,1.0,22000.0,1.0,22100.0,1.0,22200.0,1.0,22300.0,1.0,22400.0,1.0,22500.0,1.0
000629.SZ,2020-08-27,09:31:18,21600.0,0.0,0.0,21500.0,1.0,21400.0,1.0,21300.0,1.0,21200.0,1,21100.0,1.0,21000.0,1.0,20900.0,1.0,20800.0,1.0,20700.0,0.17,20600.0,1.0,21600.0,0.27,21700.0,1.0,21800.0,1.0,21900.0,1.0,22000.0,1.0,22100.0,1.0,22200.0,1.0,22300.0,1.0,22400.0,1.0,22500.0,1.0
000629.SZ,2020-08-27,09:31:19,21600.0,8900.0,192240000.0,21500.0,1.0,21400.0,1.0,21300.0,1.0,21200.0,1,21100.0,1.0,21000.0,1.0,20900.0,1.0,20800.0,1.0,20700.0,0.17,20600.0,1.0,21600.0,0.12,21700.0,1.0,21800.0,1.0,21900.0,1.0,22000.0,1.0,22100.0,1.0,22200.0,1.0,22300.0,1.0,22400.0,1.0,22500.0,1.0
000629.SZ,2020-08-27,09:31:20,21600.0,0.0,0.0,21500.0,1.0,21400.0,1.0,21300.0,1.0,21200.0,1,21100.0,1.0,21000.0,1.0,20900.0,1.0,20800.0,1.0,20700.0,0.17,20600.0,1.0,21600.0,0.12,21700.0,1.0,21800.0,1.0,21900.0,1.0,22000.0,1.0,22100.0,1.0,22200.0,1.0,22300.0,1.0,22400.0,1.0,22500.0,1.0
000629.SZ,2020-08-27,09:31:21,21600.0,1000.0,21600000.0,21500.0,1.0,21400.0,1.0,21300.0,1.0,21200.0,1,21100.0,1.0,21000.0,1.0,20900.0,1.0,20800.0,1.0,20700.0,0.17,20600.0,1.0,21600.0,0.1,21700.0,1.0,21800.0,1.0,21900.0,1.0,22000.0,1.0,22100.0,1.0,22200.0,1.0,22300.0,1.0,22400.0,1.0,22500.0,1.0
000629.SZ,2020-08-27,09:31:22,21600.0,0.0,0.0,21500.0,1.0,21400.0,1.0,21300.0,1.0,21200.0,1,21100.0,1.0,21000.0,1.0,20900.0,1.0,20800.0,1.0,20700.0,0.17,20600.0,1.0,21600.0,1.0,21700.0,1.0,21800.0,1.0,21900.0,1.0,22000.0,1.0,22100.0,1.0,22200.0,1.0,22300.0,1.0,22400.0,1.0,22500.0,1.0
000629.SZ,2020-08-27,09:31:23,21600.0,10000.0,215000000.0,21500.0,1.0,21400.0,1.0,21300.0,1.0,21200.0,1,21100.0,1.0,21000.0,1.0,20900.0,1.0,20800.0,1.0,20700.0,0.17,20600.0,1.0,21600.0,1.0,21700.0,1.0,21800.0,1.0,21900.0,1.0,22000.0,1.0,22100.0,1.0,22200.0,1.0,22300.0,1.0,22400.0,1.0,22500.0,1.0
000629.SZ,2020-08-27,09:31:24,21500.0,2500.0,54000000.0,21500.0,1.0,21400.0,1.0,21300.0,1.0,21200.0,1,21100.0,1.0,21000.0,1.0,20900.0,1.0,20800.0,1.0,20700.0,0.17,20600.0,1.0,21600.0,1.0,21700.0,1.0,21800.0,1.0,21900.0,1.0,22000.0,1.0,22100.0,1.0,22200.0,1.0,22300.0,1.0,22400.0,1.0,22500.0,1.0
000629.SZ,2020-08-27,09:31:25,21600.0,0.0,0.0,21500.0,1.0,21400.0,1.0,21300.0,1.0,21200.0,1,21100.0,1.0,21000.0,1.0,20900.0,1.0,20800.0,1.0,20700.0,0.17,20600.0,1.0,21600.0,1.0,21700.0,1.0,21800.0,1.0,21900.0,1.0,22000.0,1.0,22100.0,1.0,22200.0,1.0,22300.0,1.0,22400.0,1.0,22500.0,1.0
000629.SZ,2020-08-27,09:31:26,21600.0,0.0,0.0,21500.0,1.0,21400.0,1.0,21300.0,1.0,21200.0,1,21100.0,1.0,21000.0,1.0,20900.0,1.0,20800.0,1.0,20700.0,0.17,20600.0,1.0,21600.0,1.0,21700.0,1.0,21800.0,1.0,21900.0,1.0,22000.0,1.0,22100.0,1.0,22200.0,1.0,22300.0,1.0,22400.0,1.0,22500.0,1.0
000629.SZ,2020-08-27,09:31:27,21600.0,0.0,0.0,21500.0,1.0,21400.0,1.0,21300.0,1.0,21200.0,1,21100.0,1.0,21000.0,1.0,20900.0,1.0,20800.0,1.0,20700.0,0.17,20600.0,1.0,21600.0,1.0,21700.0,1.0,21800.0,1.0,21900.0,1.0,22000.0,1.0,22100.0,1.0,22200.0,1.0,22300.0,1.0,22400.0,1.0,22500.0,1.0
000629.SZ,2020-08-27,09:31:28,21600.0,0.0,0.0,21500.0,1.0,21400.0,1.0,21300.0,1.0,21200.0,1,21100.0,1.0,21000.0,1.0,20900.0,1.0,20800.0,1.0,20700.0,0.17,20600.0,1.0,21600.0,1.0,21700.0,1.0,21800.0,1.0,21900.0,1.0,22000.0,1.0,22100.0,1.0,22200.0,1.0,22300.0,1.0,22400.0,1.0,22500.0,1.0
000629.SZ,2020-08-27,09:31:29,21600.0,0.0,0.0,21500.0,1.0,21400.0,1.0,21300.0,1.0,21200.0,1,21100.0,1.0,21000.0,1.0,20900.0,1.0,20800.0,1.0,20700.0,0.17,20600.0,1.0,21600.0,1.0,21700.0,1.0,21800.0,1.0,21900.0,1.0,22000.0,1.0,22100.0,1.0,22200.0,1.0,22300.0,1.0,22400.0,1.0,22500.0,1.0
000629.SZ,2020-08-27,09:31:30,21600.0,0.0,0.0,21500.0,1.0,21400.0,1.0,21300.0,1.0,21200.0,1,21100.0,1.0,21000.0,1.0,20900.0,1.0,20800.0,1.0,20700.0,0.17,20600.0,1.0,21600.0,1.0,21700.0,1.0,21800.0,1.0,21900.0,1.0,22000.0,1.0,22100.0,1.0,22200.0,1.0,22300.0,1.0,22400.0,1.0,22500.0,1.0
000629.SZ,2020-08-27,09:31:31,21600.0,0.0,0.0,21500.0,1.0,21400.0,1.0,21300.0,1.0,21200.0,1,21100.0,1.0,21000.0,1.0,20900.0,1.0,20800.0,1.0,20700.0,0.17,20600.0,1.0,21600.0,1.0,21700.0,1.0,21800.0,1.0,21900.0,1.0,22000.0,1.0,22100.0,1.0,22200.0,1.0,22300.0,1.0,22400.0,1.0,22500.0,1.0
000629.SZ,2020-08-27,09:31:32,21600.0,0.0,0.0,21500.0,1.0,21400.0,1.0,21300.0,1.0,21200.0,1,21100.0,1.0,21000.0,1.0,20900.0,1.0,20800.0,1.0,20700.0,0.17,20600.0,1.0,21600.0,1.0,21700.0,1.0,21800.0,1.0,21900.0,1.0,22000.0,1.0,22100.0,1.0,22200.0,1.0,22300.0,1.0,22400.0,1.0,22500.0,1.0
000629.SZ,2020-08-27,09:31:33,21600.0,0.0,0.0,21500.0,1.0,21400.0,1.0,21300.0,1.0,21200.0,1,21100.0,1.0,21000.0,1.0,20900.0,1.0,20800.0,1.0,20700.0,0.17,20600.0,1.0,21600.0,1.0,21700.0,1.0,21800.0,1.0,21900.0,1.0,22000.0,1.0,22100.0,1.0,22200.0,1.0,22300.0,1.0,22400.0,1.0,22500.0,1.0
000629.SZ,2020-08-27,09:31:34,21600.0,0.0,0.0,21500.0,1.0,21400.0,1.0,21300.0,1.0,21200.0,1,21100.0,1.0,21000.0,1.0,20900.0,1.0,20800.0,1.0,20700.0,0.17,20600.0,1.0,21600.0,1.0,21700.0,1.0,21800.0,1.0,21900.0,1.0,22000.0,1.0,22100.0,1.0,22200.0,1.0,22300.0,1.0,22400.0,1.0,22500.0,1.0
000629.SZ,2020-08-27,09:31:35,21600.0,0.0,0.0,21500.0,1.0,21400.0,1.0,21300.0,1.0,21200.0,1,21100.0,1.0,21000.0,1.0,20900.0,1.0,20800.0,1.0,20700.0,0.17,20600.0,1.0,21600.0,1.0,21700.0,1.0,21800.0,1.0,21900.0,1.0,22000.0,1.0,22100.0,1.0,22200.0,1.0,22300.0,1.0,22400.0,1.0,22500.0,1.0
000629.SZ,2020-08-27,09:31:36,21600.0,0.0,0.0,21500.0,1.0,21400.0,1.0,21300.0,1.0,21200.0,1,21100.0,1.0,21000.0,1.0,20900.0,1.0,20800.0,1.0,20700.0,0.17,20600.0,1.0,21600.0,1.0,21700.0,1.0,21800.0,1.0,21900.0,1.0,22000.0,1.0,22100.0,1.0,22200.0,1.0,22300.0,1.0,22400.0,1.0,22500.0,1.0
000629.SZ,2020-08-27,09:31:37,21600.0,0.0,0.0,21500.0,1.0,21400.0,1.0,21300.0,1.0,21200.0,1,21100.0,1.0,21000.0,1.0,20900.0,1.0,20800.0,1.0,20700.0,0.17,20600.0,1.0,21600.0,1.0,21700.0,1.0,21800.0,1.0,21900.0,1.0,22000.0,1.0,22100.0,1.0,22200.0,1.0,22300.0,1.0,22400.0,1.0,22500.0,1.0
000629.SZ,2020-08-27,09:31:38,21600.0,0.0,0.0,21500.0,1.0,21400.0,1.0,21300.0,1.0,21200.0,1,21100.0,1.0,21000.0,1.0,20900.0,1.0,20800.0,1.0,20700.0,0.17,20600.0,1.0,21600.0,1.0,21700.0,1.0,21800.0,1.0,21900.0,1.0,22000.0,1.0,22100.0,1.0,22200.0,1.0,22300.0,1.0,22400.0,1.0,22500.0,1.0
000629.SZ,2020-08-27,09:31:39,21600.0,0.0,0.0,21500.0,1.0,21400.0,1.0,21300.0,1.0,21200.0,1,21100.0,1.0,21000.0,1.0,20900.0,1.0,20800.0,1.0,20700.0,0.17,20600.0,1.0,21600.0,1.0,21700.0,1.0,21800.0,1.0,21900.0,1.0,22000.0,1.0,22100.0,1.0,22200.0,1.0,22300.0,1.0,22400.0,1.0,22500.0,1.0
000629.SZ,2020-08-27,09:31:40,21600.0,0.0,0.0,21500.0,1.0,21400.0,1.0,21300.0,1.0,21200.0,1,21100.0,1.0,21000.0,1.0,20900.0,1.0,20800.0,1.0,20700.0,0.17,20600.0,1.0,21600.0,1.0,21700.0,1.0,21800.0,1.0,21900.0,1.0,22000.0,1.0,22100.0,1.0,22200.0,1.0,22300.0,1.0,22400.0,1.0,22500.0,1.0
000629.SZ,2020-08-27,09:31:41,21600.0,0.0,0.0,21500.0,1.0,21400.0,1.0,21300.0,1.0,21200.0,1,21100.0,1.0,21000.0,1.0,20900.0,1.0,20800.0,1.0,20700.0,0.17,20600.0,1.0,21600.0,1.0,21700.0,1.0,21800.0,1.0,21900.0,1.0,22000.0,1.0,22100.0,1.0,22200.0,1.0,22300.0,1.0,22400.0,1.0,22500.0,1.0
000629.SZ,2020-08-27,09:31:42,21600.0,3000.0,64800000.0,21500.0,1.0,21400.0,1.0,21300.0,1.0,21200.0,1,21100.0,1.0,21000.0,1.0,20900.0,1.0,20800.0,1.0,20700.0,0.17,20600.0,1.0,21600.0,1.0,21700.0,1.0,21800.0,1.0,21900.0,1.0,22000.0,1.0,22100.0,1.0,22200.0,1.0,22300.0,1.0,22400.0,1.0,22500.0,1.0
000629.SZ,2020-08-27,09:31:43,21600.0,0.0,0.0,21500.0,1.0,21400.0,1.0,21300.0,1.0,21200.0,1,21100.0,1.0,21000.0,1.0,20900.0,1.0,20800.0,1.0,20700.0,0.17,20600.0,1.0,21600.0,1.0,21700.0,1.0,21800.0,1.0,21900.0,1.0,22000.0,1.0,22100.0,1.0,22200.0,1.0,22300.0,1.0,22400.0,1.0,22500.0,1.0
000629.SZ,2020-08-27,09:31:44,21600.0,0.0,0.0,21500.0,1.0,21400.0,1.0,21300.0,1.0,21200.0,1,21100.0,1.0,21000.0,1.0,20900.0,1.0,20800.0,1.0,20700.0,0.17,20600.0,1.0,21600.0,1.0,21700.0,1.0,21800.0,1.0,21900.0,1.0,22000.0,1.0,22100.0,1.0,22200.0,1.0,22300.0,1.0,22400.0,1.0,22500.0,1.0
000629.SZ,2020-08-27,09:31:45,21600.0,0.0,0.0,21500.0,1.0,21400.0,1.0,21300.0,1.0,21200.0,1,21100.0,1.0,21000.0,1.0,20900.0,1.0,20800.0,1.0,20700.0,0.17,20600.0,1.0,21600.0,1.0,21700.0,1.0,21800.0,1.0,21900.0,1.0,22000.0,1.0,22100.0,1.0,22200.0,1.0,22300.0,1.0,22400.0,1.0,22500.0,1.0
000629.SZ,2020-08-27,09:31:46,21600.0,0.0,0.0,21500.0,1.0,21400.0,1.0,21300.0,1.0,21200.0,1,21100.0,1.0,21000.0,1.0,20900.0,1.0,20800.0,1.0,20700.0,0.17,20600.0,1.0,21600.0,1.0,21700.0,1.0,21800.0,1.0,21900.0,1.0,22000.0,1.0,22100.0,1.0,22200.0,1.0,22300.0,1.0,22400.0,1.0,22500.0,1.0
000629.SZ,2020-08-27,09:31:47,21600.0,0.0,0.0,21500.0,1.0,21400.0,1.0,21300.0,1.0,21200.0,1,21100.0,1.0,21000.0,1.0,20900.0,1.0,20800.0,1.0,20700.0,0.17,20600.0,1.0,21600.0,1.0,21700.0,1.0,21800.0,1.0,21900.0,1.0,22000.0,1.0,22100.0,1.0,22200.0,1.0,22300.0,1.0,22400.0,1.0,22500.0,1.0
000629.SZ,2020-08-27,09:31:48,21600.0,0.0,0.0,21500.0,1.0,21400.0,1.0,21300.0,1.0,21200.0,1,21100.0,1.0,21000.0,1.0,20900.0,1.0,20800.0,1.0,20700.0,0.17,20600.0,1.0,21600.0,1.0,21700.0,1.0,21800.0,1.0,21900.0,1.0,22000.0,1.0,22100.0,1.0,22200.0,1.0,22300.0,1.0,22400.0,1.0,22500.0,1.0
000629.SZ,2020-08-27,09:31:49,21600.0,2200.0,47520000.0,21500.0,1.0,21400.0,1.0,21300.0,1.0,21200.0,1,21100.0,1.0,21000.0,1.0,20900.0,1.0,20800.0,1.0,20700.0,0.17,20600.0,1.0,21600.0,1.0,21700.0,1.0,21800.0,1.0,21900.0,1.0,22000.0,1.0,22100.0,1.0,22200.0,1.0,22300.0,1.0,22400.0,1.0,22500.0,1.0
000629.SZ,2020-08-27,09:31:50,21600.0,0.0,0.0,21500.0,1.0,21400.0,1.0,21300.0,1.0,21200.0,1,21100.0,1.0,21000.0,1.0,20900.0,1.0,20800.0,1.0,20700.0,0.17,20600.0,1.0,21600.0,1.0,21700.0,1.0,21800.0,1.0,21900.0,1.0,22000.0,1.0,22100.0,1.0,22200.0,1.0,22300.0,1.0,22400.0,1.0,22500.0,1.0
000629.SZ,2020-08-27,09:31:51,21600.0,0.0,0.0,21500.0,1.0,21400.0,1.0,21300.0,1.0,21200.0,1,21100.0,1.0,21000.0,1.0,20900.0,1.0,20800.0,1.0,20700.0,0.17,20600.0,1.0,21600.0,1.0,21700.0,1.0,21800.0,1.0,21900.0,1.0,22000.0,1.0,22100.0,1.0,22200.0,1.0,22300.0,1.0,22400.0,1.0,22500.0,1.0
000629.SZ,2020-08-27,09:31:52,21600.0,1000.0,21500000.0,21500.0,1.0,21400.0,1.0,21300.0,1.0,21200.0,1,21100.0,1.0,21000.0,1.0,20900.0,1.0,20800.0,1.0,20700.0,0.17,20600.0,1.0,21600.0,1.0,21700.0,1.0,21800.0,1.0,21900.0,1.0,22000.0,1.0,22100.0,1.0,22200.0,1.0,22300.0,1.0,22400.0,1.0,22500.0,1.0
000629.SZ,2020-08-27,09:31:53,21500.0,0.0,0.0,21500.0,1.0,21400.0,1.0,21300.0,1.0,21200.0,1,21100.0,1.0,21000.0,1.0,20900.0,1.0,20800.0,1.0,20700.0,0.17,20600.0,1.0,21600.0,1.0,21700.0,1.0,21800.0,1.0,21900.0,1.0,22000.0,1.0,22100.0,1.0,22200.0,1.0,22300.0,1.0,22400.0,1.0,22500.0,1.0
000629.SZ,2020-08-27,09:31:54,21500.0,0.0,0.0,21500.0,1.0,21400.0,1.0,21300.0,1.0,21200.0,1,21100.0,1.0,21000.0,1.0,20900.0,1.0,20800.0,1.0,20700.0,0.17,20600.0,1.0,21600.0,1.0,21700.0,1.0,21800.0,1.0,21900.0,1.0,22000.0,1.0,22100.0,1.0,22200.0,1.0,22300.0,1.0,22400.0,1.0,22500.0,1.0
000629.SZ,2020-08-27,09:31:55,21500.0,0.0,0.0,21500.0,1.0,21400.0,1.0,21300.0,1.0,21200.0,1,21100.0,1.0,21000.0,1.0,20900.0,1.0,20800.0,1.0,20700.0,0.17,20600.0,1.0,21600.0,1.0,21700.0,1.0,21800.0,1.0,21900.0,1.0,22000.0,1.0,22100.0,1.0,22200.0,1.0,22300.0,1.0,22400.0,1.0,22500.0,1.0
000629.SZ,2020-08-27,09:31:56,21500.0,0.0,0.0,21500.0,1.0,21400.0,1.0,21300.0,1.0,21200.0,1,21100.0,1.0,21000.0,1.0,20900.0,1.0,20800.0,1.0,20700.0,0.17,20600.0,1.0,21600.0,1.0,21700.0,1.0,21800.0,1.0,21900.0,1.0,22000.0,1.0,22100.0,1.0,22200.0,1.0,22300.0,1.0,22400.0,1.0,22500.0,1.0
000629.SZ,2020-08-27,09:31:57,21500.0,0.0,0.0,21500.0,1.0,21400.0,1.0,21300.0,1.0,21200.0,1,21100.0,1.0,21000.0,1.0,20900.0,1.0,20800.0,1.0,20700.0,0.17,20600.0,1.0,21600.0,1.0,21700.0,1.0,21800.0,1.0,21900.0,1.0,22000.0,1.0,22100.0,1.0,22200.0,1.0,22300.0,1.0,22400.0,1.0,22500.0,1.0
000629.SZ,2020-08-27,09:31:58,21500.0,0.0,0.0,21500.0,1.0,21400.0,1.0,21300.0,1.0,21200.0,1,21100.0,1.0,21000.0,1.0,20900.0,1.0,20800.0,1.0,20700.0,0.17,20600.0,1.0,21600.0,1.0,21700.0,1.0,21800.0,1.0,21900.0,1.0,22000.0,1.0,22100.0,1.0,22200.0,1.0,22300.0,1.0,22400.0,1.0,22500.0,1.0
000629.SZ,2020-08-27,09:31:59,21500.0,0.0,0.0,21500.0,1.0,21400.0,1.0,21300.0,1.0,21200.0,1,21100.0,1.0,21000.0,1.0,20900.0,1.0,20800.0,1.0,20700.0,0.17,20600.0,1.0,21600.0,1.0,21700.0,1.0,21800.0,1.0,21900.0,1.0,22000.0,1.0,22100.0,1.0,22200.0,1.0,22300.0,1.0,22400.0,1.0,22500.0,1.0
000629.SZ,2020-08-27,09:32:00,21500.0,9300.0,199950000.0,21500.0,1.0,21400.0,1.0,21300.0,1.0,21200.0,1,21100.0,1.0,21000.0,1.0,20900.0,1.0,20800.0,1.0,20700.0,0.17,20600.0,1.0,21600.0,1.0,21700.0,1.0,21800.0,1.0,21900.0,1.0,22000.0,1.0,22100.0,1.0,22200.0,1.0,22300.0,1.0,22400.0,1.0,22500.0,1.0
000629.SZ,2020-08-27,09:32:01,21500.0,10000.0,216000000.0,21500.0,1.0,21400.0,1.0,21300.0,1.0,21200.0,1,21100.0,1.0,21000.0,1.0,20900.0,1.0,20800.0,1.0,20700.0,0.17,20600.0,1.0,21600.0,1.0,21700.0,1.0,21800.0,1.0,21900.0,1.0,22000.0,1.0,22100.0,1.0,22200.0,1.0,22300.0,1.0,22400.0,1.0,22500.0,1.0
000629.SZ,2020-08-27,09:32:02,21600.0,6000.0,129000000.0,21500.0,1.0,21400.0,1.0,21300.0,1.0,21200.0,1,21100.0,1.0,21000.0,1.0,20900.0,1.0,20800.0,1.0,20700.0,0.17,20600.0,1.0,21600.0,1.0,21700.0,1.0,21800.0,1.0,21900.0,1.0,22000.0,1.0,22100.0,1.0,22200.0,1.0,22300.0,1.0,22400.0,1.0,22500.0,1.0
000629.SZ,2020-08-27,09:32:03,21500.0,0.0,0.0,21500.0,1.0,21400.0,1.0,21300.0,1.0,21200.0,1,21100.0,1.0,21000.0,1.0,20900.0,1.0,20800.0,1.0,20700.0,0.17,20600.0,1.0,21600.0,1.0,21700.0,1.0,21800.0,1.0,21900.0,1.0,22000.0,1.0,22100.0,1.0,22200.0,1.0,22300.0,1.0,22400.0,1.0,22500.0,1.0
000629.SZ,2020-08-27,09:32:04,21500.0,10000.0,215000000.0,21500.0,1.0,21400.0,1.0,21300.0,1.0,21200.0,1,21100.0,1.0,21000.0,1.0,20900.0,1.0,20800.0,1.0,20700.0,0.17,20600.0,1.0,21600.0,1.0,21700.0,1.0,21800.0,1.0,21900.0,1.0,22000.0,1.0,22100.0,1.0,22200.0,1.0,22300.0,1.0,22400.0,1.0,22500.0,1.0
000629.SZ,2020-08-27,09:32:05,21500.0,0.0,0.0,21500.0,1.0,21400.0,1.0,21300.0,1.0,21200.0,1,21100.0,1.0,21000.0,1.0,20900.0,1.0,20800.0,1.0,20700.0,0.17,20600.0,1.0,21600.0,1.0,21700.0,1.0,21800.0,1.0,21900.0,1.0,22000.0,1.0,22100.0,1.0,22200.0,1.0,22300.0,1.0,22400.0,1.0,22500.0,1.0
000629.SZ,2020-08-27,09:32:06,21500.0,0.0,0.0,21500.0,1.0,21400.0,1.0,21300.0,1.0,21200.0,1,21100.0,1.0,21000.0,1.0,20900.0,1.0,20800.0,1.0,20700.0,0.17,20600.0,1.0,21600.0,1.0,21700.0,1.0,21800.0,1.0,21900.0,1.0,22000.0,1.0,22100.0,1.0,22200.0,1.0,22300.0,1.0,22400.0,1.0,22500.0,1.0
000629.SZ,2020-08-27,09:32:07,21500.0,0.0,0.0,21500.0,1.0,21400.0,1.0,21300.0,1.0,21200.0,1,21100.0,1.0,21000.0,1.0,20900.0,1.0,20800.0,1.0,20700.0,0.17,20600.0,1.0,21600.0,1.0,21700.0,1.0,21800.0,1.0,21900.0,1.0,22000.0,1.0,22100.0,1.0,22200.0,1.0,22300.0,1.0,22400.0,1.0,22500.0,1.0
000629.SZ,2020-08-27,09:32:08,21500.0,0.0,0.0,21500.0,1.0,21400.0,1.0,21300.0,1.0,21200.0,1,21100.0,1.0,21000.0,1.0,20900.0,1.0,20800.0,1.0,20700.0,0.17,20600.0,1.0,21600.0,1.0,21700.0,1.0,21800.0,1.0,21900.0,1.0,22000.0,1.0,22100.0,1.0,22200.0,1.0,22300.0,1.0,22400.0,1.0,22500.0,1.0
000629.SZ,2020-08-27,09:32:09,21500.0,700.0,15120000.0,21500.0,1.0,21400.0,1.0,21300.0,1.0,21200.0,1,21100.0,1.0,21000.0,1.0,20900.0,1.0,20800.0,1.0,20700.0,0.17,20600.0,1.0,21600.0,1.0,21700.0,1.0,21800.0,1.0,21900.0,1.0,22000.0,1.0,22100.0,1.0,22200.0,1.0,22300.0,1.0,22400.0,1.0,22500.0,1.0
000629.SZ,2020-08-27,09:32:10,21600.0,500.0,10750000.0,21500.0,1.0,21400.0,1.0,21300.0,1.0,21200.0,1,21100.0,1.0,21000.0,1.0,20900.0,1.0,20800.0,1.0,20700.0,0.17,20600.0,1.0,21600.0,1.0,21700.0,1.0,21800.0,1.0,21900.0,1.0,22000.0,1.0,22100.0,1.0,22200.0,1.0,22300.0,1.0,22400.0,1.0,22500.0,1.0
000629.SZ,2020-08-27,09:32:11,21500.0,0.0,0.0,21500.0,1.0,21400.0,1.0,21300.0,1.0,21200.0,1,21100.0,1.0,21000.0,1.0,20900.0,1.0,20800.0,1.0,20700.0,0.17,20600.0,1.0,21600.0,1.0,21700.0,1.0,21800.0,1.0,21900.0,1.0,22000.0,1.0,22100.0,1.0,22200.0,1.0,22300.0,1.0,22400.0,1.0,22500.0,1.0
000629.SZ,2020-08-27,09:32:12,21500.0,0.0,0.0,21500.0,1.0,21400.0,1.0,21300.0,1.0,21200.0,1,21100.0,1.0,21000.0,1.0,20900.0,1.0,20800.0,1.0,20700.0,0.17,20600.0,1.0,21600.0,1.0,21700.0,1.0,21800.0,1.0,21900.0,1.0,22000.0,1.0,22100.0,1.0,22200.0,1.0,22300.0,1.0,22400.0,1.0,22500.0,1.0
000629.SZ,2020-08-27,09:32:13,21500.0,2000.0,43200000.0,21500.0,1.0,21400.0,1.0,21300.0,1.0,21200.0,1,21100.0,1.0,21000.0,1.0,20900.0,1.0,20800.0,1.0,20700.0,0.17,20600.0,1.0,21600.0,1.0,21700.0,1.0,21800.0,1.0,21900.0,1.0,22000.0,1.0,22100.0,1.0,22200.0,1.0,22300.0,1.0,22400.0,1.0,22500.0,1.0
000629.SZ,2020-08-27,09:32:14,21600.0,0.0,0.0,21500.0,1.0,21400.0,1.0,21300.0,1.0,21200.0,1,21100.0,1.0,21000.0,1.0,20900.0,1.0,20800.0,1.0,20700.0,0.17,20600.0,1.0,21600.0,1.0,21700.0,1.0,21800.0,1.0,21900.0,1.0,22000.0,1.0,22100.0,1.0,22200.0,1.0,22300.0,1.0,22400.0,1.0,22500.0,1.0
000629.SZ,2020-08-27,09:32:15,21600.0,0.0,0.0,21500.0,1.0,21400.0,1.0,21300.0,1.0,21200.0,1,21100.0,1.0,21000.0,1.0,20900.0,1.0,20800.0,1.0,20700.0,0.17,20600.0,1.0,21600.0,1.0,21700.0,1.0,21800.0,1.0,21900.0,1.0,22000.0,1.0,22100.0,1.0,22200.0,1.0,22300.0,1.0,22400.0,1.0,22500.0,1.0
000629.SZ,2020-08-27,09:32:16,21600.0,1700.0,36720000.0,21500.0,1.0,21400.0,1.0,21300.0,1.0,21200.0,1,21100.0,1.0,21000.0,1.0,20900.0,1.0,20800.0,1.0,20700.0,0.17,20600.0,1.0,21600.0,1.0,21700.0,1.0,21800.0,1.0,21900.0,1.0,22000.0,1.0,22100.0,1.0,22200.0,1.0,22300.0,1.0,22400.0,1.0,22500.0,1.0
000629.SZ,2020-08-27,09:32:17,21600.0,0.0,0.0,21500.0,1.0,21400.0,1.0,21300.0,1.0,21200.0,1,21100.0,1.0,21000.0,1.0,20900.0,1.0,20800.0,1.0,20700.0,0.17,20600.0,1.0,21600.0,1.0,21700.0,1.0,21800.0,1.0,21900.0,1.0,22000.0,1.0,22100.0,1.0,22200.0,1.0,22300.0,1.0,22400.0,1.0,22500.0,1.0
000629.SZ,2020-08-27,09:32:18,21600.0,0.0,0.0,21500.0,1.0,21400.0,1.0,21300.0,1.0,21200.0,1,21100.0,1.0,21000.0,1.0,20900.0,1.0,20800.0,1.0,20700.0,0.17,20600.0,1.0,21600.0,1.0,21700.0,1.0,21800.0,1.0,21900.0,1.0,22000.0,1.0,22100.0,1.0,22200.0,1.0,22300.0,1.0,22400.0,1.0,22500.0,1.0
000629.SZ,2020-08-27,09:32:19,21600.0,0.0,0.0,21500.0,1.0,21400.0,1.0,21300.0,1.0,21200.0,1,21100.0,1.0,21000.0,1.0,20900.0,1.0,20800.0,1.0,20700.0,0.17,20600.0,1.0,21600.0,1.0,21700.0,1.0,21800.0,1.0,21900.0,1.0,22000.0,1.0,22100.0,1.0,22200.0,1.0,22300.0,1.0,22400.0,1.0,22500.0,1.0
000629.SZ,2020-08-27,09:32:20,21600.0,0.0,0.0,21500.0,1.0,21400.0,1.0,21300.0,1.0,21200.0,1,21100.0,1.0,21000.0,1.0,20900.0,1.0,20800.0,1.0,20700.0,0.17,20600.0,1.0,21600.0,1.0,21700.0,1.0,21800.0,1.0,21900.0,1.0,22000.0,1.0,22100.0,1.0,22200.0,1.0,22300.0,1.0,22400.0,1.0,22500.0,1.0
000629.SZ,2020-08-27,09:32:21,21600.0,0.0,0.0,21500.0,1.0,21400.0,1.0,21300.0,1.0,21200.0,1,21100.0,1.0,21000.0,1.0,20900.0,1.0,20800.0,1.0,20700.0,0.17,20600.0,1.0,21600.0,1.0,21700.0,1.0,21800.0,1.0,21900.0,1.0,22000.0,1.0,22100.0,1.0,22200.0,1.0,22300.0,1.0,22400.0,1.0,22500.0,1.0
000629.SZ,2020-08-27,09:32:22,21600.0,0.0,0.0,21500.0,1.0,21400.0,1.0,21300.0,1.0,21200.0,1,21100.0,1.0,21000.0,1.0,20900.0,1.0,20800.0,1.0,20700.0,0.17,20600.0,1.0,21600.0,1.0,21700.0,1.0,21800.0,1.0,21900.0,1.0,22000.0,1.0,22100.0,1.0,22200.0,1.0,22300.0,1.0,22400.0,1.0,22500.0,1.0
000629.SZ,2020-08-27,09:32:23,21600.0,0.0,0.0,21500.0,1.0,21400.0,1.0,21300.0,1.0,21200.0,1,21100.0,1.0,21000.0,1.0,20900.0,1.0,20800.0,1.0,20700.0,0.17,20600.0,1.0,21600.0,1.0,21700.0,1.0,21800.0,1.0,21900.0,1.0,22000.0,1.0,22100.0,1.0,22200.0,1.0,22300.0,1.0,22400.0,1.0,22500.0,1.0
000629.SZ,2020-08-27,09:32:24,21600.0,0.0,0.0,21500.0,1.0,21400.0,1.0,21300.0,1.0,21200.0,1,21100.0,1.0,21000.0,1.0,20900.0,1.0,20800.0,1.0,20700.0,0.17,20600.0,1.0,21600.0,1.0,21700.0,1.0,21800.0,1.0,21900.0,1.0,22000.0,1.0,22100.0,1.0,22200.0,1.0,22300.0,1.0,22400.0,1.0,22500.0,1.0
000629.SZ,2020-08-27,09:32:25,21600.0,0.0,0.0,21500.0,1.0,21400.0,1.0,21300.0,1.0,21200.0,1,21100.0,1.0,21000.0,1.0,20900.0,1.0,20800.0,1.0,20700.0,0.17,20600.0,1.0,21600.0,1.0,21700.0,1.0,21800.0,1.0,21900.0,1.0,22000.0,1.0,22100.0,1.0,22200.0,1.0,22300.0,1.0,22400.0,1.0,22500.0,1.0
000629.SZ,2020-08-27,09:32:26,21600.0,2000.0,43200000.0,21500.0,1.0,21400.0,1.0,21300.0,1.0,21200.0,1,21100.0,1.0,21000.0,1.0,20900.0,1.0,20800.0,1.0,20700.0,0.17,20600.0,1.0,21600.0,1.0,21700.0,1.0,21800.0,1.0,21900.0,1.0,22000.0,1.0,22100.0,1.0,22200.0,1.0,22300.0,1.0,22400.0,1.0,22500.0,1.0
000629.SZ,2020-08-27,09:32:27,21600.0,0.0,0.0,21500.0,1.0,21400.0,1.0,21300.0,1.0,21200.0,1,21100.0,1.0,21000.0,1.0,20900.0,1.0,20800.0,1.0,20700.0,0.17,20600.0,1.0,21600.0,1.0,21700.0,1.0,21800.0,1.0,21900.0,1.0,22000.0,1.0,22100.0,1.0,22200.0,1.0,22300.0,1.0,22400.0,1.0,22500.0,1.0
000629.SZ,2020-08-27,09:32:28,21600.0,0.0,0.0,21500.0,1.0,21400.0,1.0,21300.0,1.0,21200.0,1,21100.0,1.0,21000.0,1.0,20900.0,1.0,20800.0,1.0,20700.0,0.17,20600.0,1.0,21600.0,1.0,21700.0,1.0,21800.0,1.0,21900.0,1.0,22000.0,1.0,22100.0,1.0,22200.0,1.0,22300.0,1.0,22400.0,1.0,22500.0,1.0
000629.SZ,2020-08-27,09:32:29,21600.0,0.0,0.0,21500.0,1.0,21400.0,1.0,21300.0,1.0,21200.0,1,21100.0,1.0,21000.0,1.0,20900.0,1.0,20800.0,1.0,20700.0,0.17,20600.0,1.0,21600.0,1.0,21700.0,1.0,21800.0,1.0,21900.0,1.0,22000.0,1.0,22100.0,1.0,22200.0,1.0,22300.0,1.0,22400.0,1.0,22500.0,1.0
000629.SZ,2020-08-27,09:32:30,21600.0,0.0,0.0,21500.0,1.0,21400.0,1.0,21300.0,1.0,21200.0,1,21100.0,1.0,21000.0,1.0,20900.0,1.0,20800.0,1.0,20700.0,0.17,20600.0,1.0,21600.0,1.0,21700.0,1.0,21800.0,1.0,21900.0,1.0,22000.0,1.0,22100.0,1.0,22200.0,1.0,22300.0,1.0,22400.0,1.0,22500.0,1.0
000629.SZ,2020-08-27,09:32:31,21600.0,0.0,0.0,21500.0,1.0,21400.0,1.0,21300.0,1.0,21200.0,1,21100.0,1.0,21000.0,1.0,20900.0,1.0,20800.0,1.0,20700.0,0.17,20600.0,1.0,21600.0,1.0,21700.0,1.0,21800.0,1.0,21900.0,1.0,22000.0,1.0,22100.0,1.0,22200.0,1.0,22300.0,1.0,22400.0,1.0,22500.0,1.0
000629.SZ,2020-08-27,09:32:32,21600.0,0.0,0.0,21500.0,1.0,21400.0,1.0,21300.0,1.0,21200.0,1,21100.0,1.0,21000.0,1.0,20900.0,1.0,20800.0,1.0,20700.0,0.17,20600.0,1.0,21600.0,1.0,21700.0,1.0,21800.0,1.0,21900.0,1.0,22000.0,1.0,22100.0,1.0,22200.0,1.0,22300.0,1.0,22400.0,1.0,22500.0,1.0
000629.SZ,2020-08-27,09:32:33,21600.0,100.0,2160000.0,21500.0,1.0,21400.0,1.0,21300.0,1.0,21200.0,1,21100.0,1.0,21000.0,1.0,20900.0,1.0,20800.0,1.0,20700.0,0.17,20600.0,1.0,21600.0,1.0,21700.0,1.0,21800.0,1.0,21900.0,1.0,22000.0,1.0,22100.0,1.0,22200.0,1.0,22300.0,1.0,22400.0,1.0,22500.0,1.0
000629.SZ,2020-08-27,09:32:34,21600.0,2100.0,45360000.0,21500.0,1.0,21400.0,1.0,21300.0,1.0,21200.0,1,21100.0,1.0,21000.0,1.0,20900.0,1.0,20800.0,1.0,20700.0,0.17,20600.0,1.0,21600.0,1.0,21700.0,1.0,21800.0,1.0,21900.0,1.0,22000.0,1.0,22100.0,1.0,22200.0,1.0,22300.0,1.0,22400.0,1.0,22500.0,1.0
000629.SZ,2020-08-27,09:32:35,21600.0,0.0,0.0,21500.0,1.0,21400.0,1.0,21300.0,1.0,21200.0,1,21100.0,1.0,21000.0,1.0,20900.0,1.0,20800.0,1.0,20700.0,0.17,20600.0,1.0,21600.0,1.0,21700.0,1.0,21800.0,1.0,21900.0,1.0,22000.0,1.0,22100.0,1.0,22200.0,1.0,22300.0,1.0,22400.0,1.0,22500.0,1.0
000629.SZ,2020-08-27,09:32:36,21600.0,0.0,0.0,21500.0,1.0,21400.0,1.0,21300.0,1.0,21200.0,1,21100.0,1.0,21000.0,1.0,20900.0,1.0,20800.0,1.0,20700.0,0.17,20600.0,1.0,21600.0,1.0,21700.0,1.0,21800.0,1.0,21900.0,1.0,22000.0,1.0,22100.0,1.0,22200.0,1.0,22300.0,1.0,22400.0,1.0,22500.0,1.0
000629.SZ,2020-08-27,09:32:37,21600.0,2300.0,49680000.0,21500.0,1.0,21400.0,1.0,21300.0,1.0,21200.0,1,21100.0,1.0,21000.0,1.0,20900.0,1.0,20800.0,1.0,20700.0,0.17,20600.0,1.0,21600.0,1.0,21700.0,1.0,21800.0,1.0,21900.0,1.0,22000.0,1.0,22100.0,1.0,22200.0,1.0,22300.0,1.0,22400.0,1.0,22500.0,1.0
000629.SZ,2020-08-27,09:32:38,21600.0,12300.0,265680000.0,21500.0,1.0,21400.0,1.0,21300.0,1.0,21200.0,1,21100.0,1.0,21000.0,1.0,20900.0,1.0,20800.0,1.0,20700.0,0.17,20600.0,1.0,21600.0,1.0,21700.0,1.0,21800.0,1.0,21900.0,1.0,22000.0,1.0,22100.0,1.0,22200.0,1.0,22300.0,1.0,22400.0,1.0,22500.0,1.0
000629.SZ,2020-08-27,09:32:39,21600.0,0.0,0.0,21500.0,1.0,21400.0,1.0,21300.0,1.0,21200.0,1,21100.0,1.0,21000.0,1.0,20900.0,1.0,20800.0,1.0,20700.0,0.17,20600.0,1.0,21600.0,1.0,21700.0,1.0,21800.0,1.0,21900.0,1.0,22000.0,1.0,22100.0,1.0,22200.0,1.0,22300.0,1.0,22400.0,1.0,22500.0,1.0
000629.SZ,2020-08-27,09:32:40,21600.0,0.0,0.0,21500.0,1.0,21400.0,1.0,21300.0,1.0,21200.0,1,21100.0,1.0,21000.0,1.0,20900.0,1.0,20800.0,1.0,20700.0,0.17,20600.0,1.0,21600.0,1.0,21700.0,1.0,21800.0,1.0,21900.0,1.0,22000.0,1.0,22100.0,1.0,22200.0,1.0,22300.0,1.0,22400.0,1.0,22500.0,1.0
000629.SZ,2020-08-27,09:32:41,21600.0,0.0,0.0,21500.0,1.0,21400.0,1.0,21300.0,1.0,21200.0,1,21100.0,1.0,21000.0,1.0,20900.0,1.0,20800.0,1.0,20700.0,0.17,20600.0,1.0,21600.0,1.0,21700.0,1.0,21800.0,1.0,21900.0,1.0,22000.0,1.0,22100.0,1.0,22200.0,1.0,22300.0,1.0,22400.0,1.0,22500.0,1.0
000629.SZ,2020-08-27,09:32:42,21600.0,0.0,0.0,21500.0,1.0,21400.0,1.0,21300.0,1.0,21200.0,1,21100.0,1.0,21000.0,1.0,20900.0,1.0,20800.0,1.0,20700.0,0.17,20600.0,1.0,21600.0,1.0,21700.0,1.0,21800.0,1.0,21900.0,1.0,22000.0,1.0,22100.0,1.0,22200.0,1.0,22300.0,1.0,22400.0,1.0,22500.0,1.0
000629.SZ,2020-08-27,09:32:43,21600.0,0.0,0.0,21500.0,1.0,21400.0,1.0,21300.0,1.0,21200.0,1,21100.0,1.0,21000.0,1.0,20900.0,1.0,20800.0,1.0,20700.0,0.17,20600.0,1.0,21600.0,1.0,21700.0,1.0,21800.0,1.0,21900.0,1.0,22000.0,1.0,22100.0,1.0,22200.0,1.0,22300.0,1.0,22400.0,1.0,22500.0,1.0
000629.SZ,2020-08-27,09:32:44,21600.0,3300.0,71280000.0,21500.0,1.0,21400.0,1.0,21300.0,1.0,21200.0,1,21100.0,1.0,21000.0,1.0,20900.0,1.0,20800.0,1.0,20700.0,0.17,20600.0,1.0,21600.0,1.0,21700.0,1.0,21800.0,1.0,21900.0,1.0,22000.0,1.0,22100.0,1.0,22200.0,1.0,22300.0,1.0,22400.0,1.0,22500.0,1.0
000629.SZ,2020-08-27,09:32:45,21600.0,0.0,0.0,21500.0,1.0,21400.0,1.0,21300.0,1.0,21200.0,1,21100.0,1.0,21000.0,1.0,20900.0,1.0,20800.0,1.0,20700.0,0.17,20600.0,1.0,21600.0,1.0,21700.0,1.0,21800.0,1.0,21900.0,1.0,22000.0,1.0,22100.0,1.0,22200.0,1.0,22300.0,1.0,22400.0,1.0,22500.0,1.0
000629.SZ,2020-08-27,09:32:46,21600.0,0.0,0.0,21500.0,1.0,21400.0,1.0,21300.0,1.0,21200.0,1,21100.0,1.0,21000.0,1.0,20900.0,1.0,20800.0,1.0,20700.0,0.17,20600.0,1.0,21600.0,1.0,21700.0,1.0,21800.0,1.0,21900.0,1.0,22000.0,1.0,22100.0,1.0,22200.0,1.0,22300.0,1.0,22400.0,1.0,22500.0,1.0
000629.SZ,2020-08-27,09:32:47,21600.0,4700.0,101520000.0,21500.0,1.0,21400.0,1.0,21300.0,1.0,21200.0,1,21100.0,1.0,21000.0,1.0,20900.0,1.0,20800.0,1.0,20700.0,0.17,20600.0,1.0,21600.0,1.0,21700.0,1.0,21800.0,1.0,21900.0,1.0,22000.0,1.0,22100.0,1.0,22200.0,1.0,22300.0,1.0,22400.0,1.0,22500.0,1.0
000629.SZ,2020-08-27,09:32:48,21600.0,0.0,0.0,21500.0,1.0,21400.0,1.0,21300.0,1.0,21200.0,1,21100.0,1.0,21000.0,1.0,20900.0,1.0,20800.0,1.0,20700.0,0.17,20600.0,1.0,21600.0,1.0,21700.0,1.0,21800.0,1.0,21900.0,1.0,22000.0,1.0,22100.0,1.0,22200.0,1.0,22300.0,1.0,22400.0,1.0,22500.0,1.0
000629.SZ,2020-08-27,09:32:49,21600.0,0.0,0.0,21500.0,1.0,21400.0,1.0,21300.0,1.0,21200.0,1,21100.0,1.0,21000.0,1.0,20900.0,1.0,20800.0,1.0,20700.0,0.17,20600.0,1.0,21600.0,1.0,21700.0,1.0,21800.0,1.0,21900.0,1.0,22000.0,1.0,22100.0,1.0,22200.0,1.0,22300.0,1.0,22400.0,1.0,22500.0,1.0
000629.SZ,2020-08-27,09:32:50,21600.0,0.0,0.0,21500.0,1.0,21400.0,1.0,21300.0,1.0,21200.0,1,21100.0,1.0,21000.0,1.0,20900.0,1.0,20800.0,1.0,20700.0,0.17,20600.0,1.0,21600.0,1.0,21700.0,1.0,21800.0,1.0,21900.0,1.0,22000.0,1.0,22100.0,1.0,22200.0,1.0,22300.0,1.0,22400.0,1.0,22500.0,1.0
000629.SZ,2020-08-27,09:32:51,21600.0,0.0,0.0,21500.0,1.0,21400.0,1.0,21300.0,1.0,21200.0,1,21100.0,1.0,21000.0,1.0,20900.0,1.0,20800.0,1.0,20700.0,0.17,20600.0,1.0,21600.0,1.0,21700.0,1.0,21800.0,1.0,21900.0,1.0,22000.0,1.0,22100.0,1.0,22200.0,1.0,22300.0,1.0,22400.0,1.0,22500.0,1.0
000629.SZ,2020-08-27,09:32:52,21600.0,100.0,2160000.0,21500.0,1.0,21400.0,1.0,21300.0,1.0,21200.0,1,21100.0,1.0,21000.0,1.0,20900.0,1.0,20800.0,1.0,20700.0,0.17,20600.0,1.0,21600.0,1.0,21700.0,1.0,21800.0,1.0,21900.0,1.0,22000.0,1.0,22100.0,1.0,22200.0,1.0,22300.0,1.0,22400.0,1.0,22500.0,1.0
000629.SZ,2020-08-27,09:32:53,21600.0,0.0,0.0,21500.0,1.0,21400.0,1.0,21300.0,1.0,21200.0,1,21100.0,1.0,21000.0,1.0,20900.0,1.0,20800.0,1.0,20700.0,0.17,20600.0,1.0,21600.0,1.0,21700.0,1.0,21800.0,1.0,21900.0,1.0,22000.0,1.0,22100.0,1.0,22200.0,1.0,22300.0,1.0,22400.0,1.0,22500.0,1.0
000629.SZ,2020-08-27,09:32:54,21600.0,0.0,0.0,21500.0,1.0,21400.0,1.0,21300.0,1.0,21200.0,1,21100.0,1.0,21000.0,1.0,20900.0,1.0,20800.0,1.0,20700.0,0.17,20600.0,1.0,21600.0,1.0,21700.0,1.0,21800.0,1.0,21900.0,1.0,22000.0,1.0,22100.0,1.0,22200.0,1.0,22300.0,1.0,22400.0,1.0,22500.0,1.0
000629.SZ,2020-08-27,09:32:55,21600.0,0.0,0.0,21500.0,1.0,21400.0,1.0,21300.0,1.0,21200.0,1,21100.0,1.0,21000.0,1.0,20900.0,1.0,20800.0,1.0,20700.0,0.17,20600.0,1.0,21600.0,1.0,21700.0,1.0,21800.0,1.0,21900.0,1.0,22000.0,1.0,22100.0,1.0,22200.0,1.0,22300.0,1.0,22400.0,1.0,22500.0,1.0
000629.SZ,2020-08-27,09:32:56,21600.0,0.0,0.0,21500.0,1.0,21400.0,1.0,21300.0,1.0,21200.0,1,21100.0,1.0,21000.0,1.0,20900.0,1.0,20800.0,1.0,20700.0,0.17,20600.0,1.0,21600.0,1.0,21700.0,1.0,21800.0,1.0,21900.0,1.0,22000.0,1.0,22100.0,1.0,22200.0,1.0,22300.0,1.0,22400.0,1.0,22500.0,1.0
000629.SZ,2020-08-27,09:32:57,21600.0,0.0,0.0,21500.0,1.0,21400.0,1.0,21300.0,1.0,21200.0,1,21100.0,1.0,21000.0,1.0,20900.0,1.0,20800.0,1.0,20700.0,0.17,20600.0,1.0,21600.0,1.0,21700.0,1.0,21800.0,1.0,21900.0,1.0,22000.0,1.0,22100.0,1.0,22200.0,1.0,22300.0,1.0,22400.0,1.0,22500.0,1.0
000629.SZ,2020-08-27,09:32:58,21600.0,0.0,0.0,21500.0,1.0,21400.0,1.0,21300.0,1.0,21200.0,1,21100.0,1.0,21000.0,1.0,20900.0,1.0,20800.0,1.0,20700.0,0.17,20600.0,1.0,21600.0,1.0,21700.0,1.0,21800.0,1.0,21900.0,1.0,22000.0,1.0,22100.0,1.0,22200.0,1.0,22300.0,1.0,22400.0,1.0,22500.0,1.0
000629.SZ,2020-08-27,09:32:59,21600.0,0.0,0.0,21500.0,1.0,21400.0,1.0,21300.0,1.0,21200.0,1,21100.0,1.0,21000.0,1.0,20900.0,1.0,20800.0,1.0,20700.0,0.17,20600.0,1.0,21600.0,1.0,21700.0,1.0,21800.0,1.0,21900.0,1.0,22000.0,1.0,22100.0,1.0,22200.0,1.0,22300.0,1.0,22400.0,1.0,22500.0,1.0
000629.SZ,2020-08-27,09:33:00,21600.0,0.0,0.0,21500.0,1.0,21400.0,1.0,21300.0,1.0,21200.0,1,21100.0,1.0,21000.0,1.0,20900.0,1.0,20800.0,1.0,20700.0,0.17,20600.0,1.0,21600.0,1.0,21700.0,1.0,21800.0,1.0,21900.0,1.0,22000.0,1.0,22100.0,1.0,22200.0,1.0,22300.0,1.0,22400.0,1.0,22500.0,1.0
000629.SZ,2020-08-27,09:33:01,21600.0,0.0,0.0,21500.0,1.0,21400.0,1.0,21300.0,1.0,21200.0,1,21100.0,1.0,21000.0,1.0,20900.0,1.0,20800.0,1.0,20700.0,0.17,20600.0,1.0,21600.0,1.0,21700.0,1.0,21800.0,1.0,21900.0,1.0,22000.0,1.0,22100.0,1.0,22200.0,1.0,22300.0,1.0,22400.0,1.0,22500.0,1.0
000629.SZ,2020-08-27,09:33:02,21600.0,0.0,0.0,21500.0,1.0,21400.0,1.0,21300.0,1.0,21200.0,1,21100.0,1.0,21000.0,1.0,20900.0,1.0,20800.0,1.0,20700.0,0.17,20600.0,1.0,21600.0,1.0,21700.0,1.0,21800.0,1.0,21900.0,1.0,22000.0,1.0,22100.0,1.0,22200.0,1.0,22300.0,1.0,22400.0,1.0,22500.0,1.0
000629.SZ,2020-08-27,09:33:03,21600.0,18600.0,401760000.0,21500.0,1.0,21400.0,1.0,21300.0,1.0,21200.0,1,21100.0,1.0,21000.0,1.0,20900.0,1.0,20800.0,1.0,20700.0,0.17,20600.0,1.0,21600.0,1.0,21700.0,1.0,21800.0,1.0,21900.0,1.0,22000.0,1.0,22100.0,1.0,22200.0,1.0,22300.0,1.0,22400.0,1.0,22500.0,1.0
000629.SZ,2020-08-27,09:33:04,21600.0,0.0,0.0,21500.0,1.0,21400.0,1.0,21300.0,1.0,21200.0,1,21100.0,1.0,21000.0,1.0,20900.0,1.0,20800.0,1.0,20700.0,0.17,20600.0,1.0,21600.0,1.0,21700.0,1.0,21800.0,1.0,21900.0,1.0,22000.0,1.0,22100.0,1.0,22200.0,1.0,22300.0,1.0,22400.0,1.0,22500.0,1.0
000629.SZ,2020-08-27,09:33:05,21600.0,4700.0,101520000.0,21500.0,1.0,21400.0,1.0,21300.0,1.0,21200.0,1,21100.0,1.0,21000.0,1.0,20900.0,1.0,20800.0,1.0,20700.0,0.17,20600.0,1.0,21600.0,1.0,21700.0,1.0,21800.0,1.0,21900.0,1.0,22000.0,1.0,22100.0,1.0,22200.0,1.0,22300.0,1.0,22400.0,1.0,22500.0,1.0
000629.SZ,2020-08-27,09:33:06,21600.0,0.0,0.0,21500.0,1.0,21400.0,1.0,21300.0,1.0,21200.0,1,21100.0,1.0,21000.0,1.0,20900.0,1.0,20800.0,1.0,20700.0,0.17,20600.0,1.0,21600.0,1.0,21700.0,1.0,21800.0,1.0,21900.0,1.0,22000.0,1.0,22100.0,1.0,22200.0,1.0,22300.0,1.0,22400.0,1.0,22500.0,1.0
000629.SZ,2020-08-27,09:33:07,21600.0,500.0,10750000.0,21500.0,1.0,21400.0,1.0,21300.0,1.0,21200.0,1,21100.0,1.0,21000.0,1.0,20900.0,1.0,20800.0,1.0,20700.0,0.17,20600.0,1.0,21600.0,1.0,21700.0,1.0,21800.0,1.0,21900.0,1.0,22000.0,1.0,22100.0,1.0,22200.0,1.0,22300.0,1.0,22400.0,1.0,22500.0,1.0
000629.SZ,2020-08-27,09:33:08,21500.0,0.0,0.0,21500.0,1.0,21400.0,1.0,21300.0,1.0,21200.0,1,21100.0,1.0,21000.0,1.0,20900.0,1.0,20800.0,1.0,20700.0,0.17,20600.0,1.0,21600.0,1.0,21700.0,1.0,21800.0,1.0,21900.0,1.0,22000.0,1.0,22100.0,1.0,22200.0,1.0,22300.0,1.0,22400.0,1.0,22500.0,1.0
000629.SZ,2020-08-27,09:33:09,21500.0,11100.0,239760000.0,21500.0,1.0,21400.0,1.0,21300.0,1.0,21200.0,1,21100.0,1.0,21000.0,1.0,20900.0,1.0,20800.0,1.0,20700.0,0.17,20600.0,1.0,21600.0,1.0,21700.0,1.0,21800.0,1.0,21900.0,1.0,22000.0,1.0,22100.0,1.0,22200.0,1.0,22300.0,1.0,22400.0,1.0,22500.0,1.0
000629.SZ,2020-08-27,09:33:10,21600.0,100.0,2160000.0,21500.0,1.0,21400.0,1.0,21300.0,1.0,21200.0,1,21100.0,1.0,21000.0,1.0,20900.0,1.0,20800.0,1.0,20700.0,0.17,20600.0,1.0,21600.0,1.0,21700.0,1.0,21800.0,1.0,21900.0,1.0,22000.0,1.0,22100.0,1.0,22200.0,1.0,22300.0,1.0,22400.0,1.0,22500.0,1.0
000629.SZ,2020-08-27,09:33:11,21600.0,0.0,0.0,21500.0,1.0,21400.0,1.0,21300.0,1.0,21200.0,1,21100.0,1.0,21000.0,1.0,20900.0,1.0,20800.0,1.0,20700.0,0.17,20600.0,1.0,21600.0,1.0,21700.0,1.0,21800.0,1.0,21900.0,1.0,22000.0,1.0,22100.0,1.0,22200.0,1.0,22300.0,1.0,22400.0,1.0,22500.0,1.0
000629.SZ,2020-08-27,09:33:12,21600.0,0.0,0.0,21500.0,1.0,21400.0,1.0,21300.0,1.0,21200.0,1,21100.0,1.0,21000.0,1.0,20900.0,1.0,20800.0,1.0,20700.0,0.17,20600.0,1.0,21600.0,1.0,21700.0,1.0,21800.0,1.0,21900.0,1.0,22000.0,1.0,22100.0,1.0,22200.0,1.0,22300.0,1.0,22400.0,1.0,22500.0,1.0
000629.SZ,2020-08-27,09:33:13,21600.0,0.0,0.0,21500.0,1.0,21400.0,1.0,21300.0,1.0,21200.0,1,21100.0,1.0,21000.0,1.0,20900.0,1.0,20800.0,1.0,20700.0,0.17,20600.0,1.0,21600.0,1.0,21700.0,1.0,21800.0,1.0,21900.0,1.0,22000.0,1.0,22100.0,1.0,22200.0,1.0,22300.0,1.0,22400.0,1.0,22500.0,1.0
000629.SZ,2020-08-27,09:33:14,21600.0,0.0,0.0,21500.0,1.0,21400.0,1.0,21300.0,1.0,21200.0,1,21100.0,1.0,21000.0,1.0,20900.0,1.0,20800.0,1.0,20700.0,0.17,20600.0,1.0,21600.0,1.0,21700.0,1.0,21800.0,1.0,21900.0,1.0,22000.0,1.0,22100.0,1.0,22200.0,1.0,22300.0,1.0,22400.0,1.0,22500.0,1.0
000629.SZ,2020-08-27,09:33:15,21600.0,0.0,0.0,21500.0,1.0,21400.0,1.0,21300.0,1.0,21200.0,1,21100.0,1.0,21000.0,1.0,20900.0,1.0,20800.0,1.0,20700.0,0.17,20600.0,1.0,21600.0,1.0,21700.0,1.0,21800.0,1.0,21900.0,1.0,22000.0,1.0,22100.0,1.0,22200.0,1.0,22300.0,1.0,22400.0,1.0,22500.0,1.0
000629.SZ,2020-08-27,09:33:16,21600.0,0.0,0.0,21500.0,1.0,21400.0,1.0,21300.0,1.0,21200.0,1,21100.0,1.0,21000.0,1.0,20900.0,1.0,20800.0,1.0,20700.0,0.17,20600.0,1.0,21600.0,1.0,21700.0,1.0,21800.0,1.0,21900.0,1.0,22000.0,1.0,22100.0,1.0,22200.0,1.0,22300.0,1.0,22400.0,1.0,22500.0,1.0
000629.SZ,2020-08-27,09:33:17,21600.0,0.0,0.0,21500.0,1.0,21400.0,1.0,21300.0,1.0,21200.0,1,21100.0,1.0,21000.0,1.0,20900.0,1.0,20800.0,1.0,20700.0,0.17,20600.0,1.0,21600.0,1.0,21700.0,1.0,21800.0,1.0,21900.0,1.0,22000.0,1.0,22100.0,1.0,22200.0,1.0,22300.0,1.0,22400.0,1.0,22500.0,1.0
000629.SZ,2020-08-27,09:33:18,21600.0,0.0,0.0,21500.0,1.0,21400.0,1.0,21300.0,1.0,21200.0,1,21100.0,1.0,21000.0,1.0,20900.0,1.0,20800.0,1.0,20700.0,0.17,20600.0,1.0,21600.0,1.0,21700.0,1.0,21800.0,1.0,21900.0,1.0,22000.0,1.0,22100.0,1.0,22200.0,1.0,22300.0,1.0,22400.0,1.0,22500.0,1.0
000629.SZ,2020-08-27,09:33:19,21600.0,0.0,0.0,21500.0,1.0,21400.0,1.0,21300.0,1.0,21200.0,1,21100.0,1.0,21000.0,1.0,20900.0,1.0,20800.0,1.0,20700.0,0.17,20600.0,1.0,21600.0,1.0,21700.0,1.0,21800.0,1.0,21900.0,1.0,22000.0,1.0,22100.0,1.0,22200.0,1.0,22300.0,1.0,22400.0,1.0,22500.0,1.0
000629.SZ,2020-08-27,09:33:20,21600.0,10000.0,215000000.0,21500.0,1.0,21400.0,1.0,21300.0,1.0,21200.0,1,21100.0,1.0,21000.0,1.0,20900.0,1.0,20800.0,1.0,20700.0,0.17,20600.0,1.0,21600.0,1.0,21700.0,1.0,21800.0,1.0,21900.0,1.0,22000.0,1.0,22100.0,1.0,22200.0,1.0,22300.0,1.0,22400.0,1.0,22500.0,1.0
000629.SZ,2020-08-27,09:33:21,21500.0,0.0,0.0,21500.0,1.0,21400.0,1.0,21300.0,1.0,21200.0,1,21100.0,1.0,21000.0,1.0,20900.0,1.0,20800.0,1.0,20700.0,0.17,20600.0,1.0,21600.0,1.0,21700.0,1.0,21800.0,1.0,21900.0,1.0,22000.0,1.0,22100.0,1.0,22200.0,1.0,22300.0,1.0,22400.0,1.0,22500.0,1.0
000629.SZ,2020-08-27,09:33:22,21500.0,0.0,0.0,21500.0,1.0,21400.0,1.0,21300.0,1.0,21200.0,1,21100.0,1.0,21000.0,1.0,20900.0,1.0,20800.0,1.0,20700.0,0.17,20600.0,1.0,21600.0,1.0,21700.0,1.0,21800.0,1.0,21900.0,1.0,22000.0,1.0,22100.0,1.0,22200.0,1.0,22300.0,1.0,22400.0,1.0,22500.0,1.0
000629.SZ,2020-08-27,09:33:23,21500.0,0.0,0.0,21500.0,1.0,21400.0,1.0,21300.0,1.0,21200.0,1,21100.0,1.0,21000.0,1.0,20900.0,1.0,20800.0,1.0,20700.0,0.17,20600.0,1.0,21600.0,1.0,21700.0,1.0,21800.0,1.0,21900.0,1.0,22000.0,1.0,22100.0,1.0,22200.0,1.0,22300.0,1.0,22400.0,1.0,22500.0,1.0
000629.SZ,2020-08-27,09:33:24,21500.0,4600.0,99360000.0,21500.0,1.0,21400.0,1.0,21300.0,1.0,21200.0,1,21100.0,1.0,21000.0,1.0,20900.0,1.0,20800.0,1.0,20700.0,0.17,20600.0,1.0,21600.0,1.0,21700.0,1.0,21800.0,1.0,21900.0,1.0,22000.0,1.0,22100.0,1.0,22200.0,1.0,22300.0,1.0,22400.0,1.0,22500.0,1.0
000629.SZ,2020-08-27,09:33:25,21600.0,0.0,0.0,21500.0,1.0,21400.0,1.0,21300.0,1.0,21200.0,1,21100.0,1.0,21000.0,1.0,20900.0,1.0,20800.0,1.0,20700.0,0.17,20600.0,1.0,21600.0,1.0,21700.0,1.0,21800.0,1.0,21900.0,1.0,22000.0,1.0,22100.0,1.0,22200.0,1.0,22300.0,1.0,22400.0,1.0,22500.0,1.0
000629.SZ,2020-08-27,09:33:26,21600.0,0.0,0.0,21500.0,1.0,21400.0,1.0,21300.0,1.0,21200.0,1,21100.0,1.0,21000.0,1.0,20900.0,1.0,20800.0,1.0,20700.0,0.17,20600.0,1.0,21600.0,1.0,21700.0,1.0,21800.0,1.0,21900.0,1.0,22000.0,1.0,22100.0,1.0,22200.0,1.0,22300.0,1.0,22400.0,1.0,22500.0,1.0
000629.SZ,2020-08-27,09:33:27,21600.0,2100.0,45360000.0,21500.0,1.0,21400.0,1.0,21300.0,1.0,21200.0,1,21100.0,1.0,21000.0,1.0,20900.0,1.0,20800.0,1.0,20700.0,0.17,20600.0,1.0,21600.0,1.0,21700.0,1.0,21800.0,1.0,21900.0,1.0,22000.0,1.0,22100.0,1.0,22200.0,1.0,22300.0,1.0,22400.0,1.0,22500.0,1.0
000629.SZ,2020-08-27,09:33:28,21600.0,4600.0,99360000.0,21500.0,1.0,21400.0,1.0,21300.0,1.0,21200.0,1,21100.0,1.0,21000.0,1.0,20900.0,1.0,20800.0,1.0,20700.0,0.17,20600.0,1.0,21600.0,1.0,21700.0,1.0,21800.0,1.0,21900.0,1.0,22000.0,1.0,22100.0,1.0,22200.0,1.0,22300.0,1.0,22400.0,1.0,22500.0,1.0
000629.SZ,2020-08-27,09:33:29,21600.0,3100.0,66960000.0,21500.0,1.0,21400.0,1.0,21300.0,1.0,21200.0,1,21100.0,1.0,21000.0,1.0,20900.0,1.0,20800.0,1.0,20700.0,0.17,20600.0,1.0,21600.0,1.0,21700.0,1.0,21800.0,1.0,21900.0,1.0,22000.0,1.0,22100.0,1.0,22200.0,1.0,22300.0,1.0,22400.0,1.0,22500.0,1.0
000629.SZ,2020-08-27,09:33:30,21600.0,1700.0,36550000.0,21500.0,1.0,21400.0,1.0,21300.0,1.0,21200.0,1,21100.0,1.0,21000.0,1.0,20900.0,1.0,20800.0,1.0,20700.0,0.17,20600.0,1.0,21600.0,1.0,21700.0,1.0,21800.0,1.0,21900.0,1.0,22000.0,1.0,22100.0,1.0,22200.0,1.0,22300.0,1.0,22400.0,1.0,22500.0,1.0
000629.SZ,2020-08-27,09:33:31,21500.0,0.0,0.0,21500.0,1.0,21400.0,1.0,21300.0,1.0,21200.0,1,21100.0,1.0,21000.0,1.0,20900.0,1.0,20800.0,1.0,20700.0,0.17,20600.0,1.0,21600.0,1.0,21700.0,1.0,21800.0,1.0,21900.0,1.0,22000.0,1.0,22100.0,1.0,22200.0,1.0,22300.0,1.0,22400.0,1.0,22500.0,1.0
000629.SZ,2020-08-27,09:33:32,21500.0,0.0,0.0,21500.0,1.0,21400.0,1.0,21300.0,1.0,21200.0,1,21100.0,1.0,21000.0,1.0,20900.0,1.0,20800.0,1.0,20700.0,0.17,20600.0,1.0,21600.0,1.0,21700.0,1.0,21800.0,1.0,21900.0,1.0,22000.0,1.0,22100.0,1.0,22200.0,1.0,22300.0,1.0,22400.0,1.0,22500.0,1.0
000629.SZ,2020-08-27,09:33:33,21500.0,0.0,0.0,21500.0,1.0,21400.0,1.0,21300.0,1.0,21200.0,1,21100.0,1.0,21000.0,1.0,20900.0,1.0,20800.0,1.0,20700.0,0.17,20600.0,1.0,21600.0,1.0,21700.0,1.0,21800.0,1.0,21900.0,1.0,22000.0,1.0,22100.0,1.0,22200.0,1.0,22300.0,1.0,22400.0,1.0,22500.0,1.0
000629.SZ,2020-08-27,09:33:34,21500.0,10000.0,215000000.0,21500.0,1.0,21400.0,1.0,21300.0,1.0,21200.0,1,21100.0,1.0,21000.0,1.0,20900.0,1.0,20800.0,1.0,20700.0,0.17,20600.0,1.0,21600.0,1.0,21700.0,1.0,21800.0,1.0,21900.0,1.0,22000.0,1.0,22100.0,1.0,22200.0,1.0,22300.0,1.0,22400.0,1.0,22500.0,1.0
000629.SZ,2020-08-27,09:33:35,21500.0,0.0,0.0,21500.0,1.0,21400.0,1.0,21300.0,1.0,21200.0,1,21100.0,1.0,21000.0,1.0,20900.0,1.0,20800.0,1.0,20700.0,0.17,20600.0,1.0,21600.0,1.0,21700.0,1.0,21800.0,1.0,21900.0,1.0,22000.0,1.0,22100.0,1.0,22200.0,1.0,22300.0,1.0,22400.0,1.0,22500.0,1.0
000629.SZ,2020-08-27,09:33:36,21500.0,0.0,0.0,21500.0,1.0,21400.0,1.0,21300.0,1.0,21200.0,1,21100.0,1.0,21000.0,1.0,20900.0,1.0,20800.0,1.0,20700.0,0.17,20600.0,1.0,21600.0,1.0,21700.0,1.0,21800.0,1.0,21900.0,1.0,22000.0,1.0,22100.0,1.0,22200.0,1.0,22300.0,1.0,22400.0,1.0,22500.0,1.0
000629.SZ,2020-08-27,09:33:37,21500.0,0.0,0.0,21500.0,1.0,21400.0,1.0,21300.0,1.0,21200.0,1,21100.0,1.0,21000.0,1.0,20900.0,1.0,20800.0,1.0,20700.0,0.17,20600.0,1.0,21600.0,1.0,21700.0,1.0,21800.0,1.0,21900.0,1.0,22000.0,1.0,22100.0,1.0,22200.0,1.0,22300.0,1.0,22400.0,1.0,22500.0,1.0
000629.SZ,2020-08-27,09:33:38,21500.0,0.0,0.0,21500.0,1.0,21400.0,1.0,21300.0,1.0,21200.0,1,21100.0,1.0,21000.0,1.0,20900.0,1.0,20800.0,1.0,20700.0,0.17,20600.0,1.0,21600.0,1.0,21700.0,1.0,21800.0,1.0,21900.0,1.0,22000.0,1.0,22100.0,1.0,22200.0,1.0,22300.0,1.0,22400.0,1.0,22500.0,1.0
000629.SZ,2020-08-27,09:33:39,21500.0,0.0,0.0,21500.0,1.0,21400.0,1.0,21300.0,1.0,21200.0,1,21100.0,1.0,21000.0,1.0,20900.0,1.0,20800.0,1.0,20700.0,0.17,20600.0,1.0,21600.0,1.0,21700.0,1.0,21800.0,1.0,21900.0,1.0,22000.0,1.0,22100.0,1.0,22200.0,1.0,22300.0,1.0,22400.0,1.0,22500.0,1.0
000629.SZ,2020-08-27,09:33:40,21500.0,0.0,0.0,21500.0,1.0,21400.0,1.0,21300.0,1.0,21200.0,1,21100.0,1.0,21000.0,1.0,20900.0,1.0,20800.0,1.0,20700.0,0.17,20600.0,1.0,21600.0,1.0,21700.0,1.0,21800.0,1.0,21900.0,1.0,22000.0,1.0,22100.0,1.0,22200.0,1.0,22300.0,1.0,22400.0,1.0,22500.0,1.0
000629.SZ,2020-08-27,09:33:41,21500.0,0.0,0.0,21500.0,1.0,21400.0,1.0,21300.0,1.0,21200.0,1,21100.0,1.0,21000.0,1.0,20900.0,1.0,20800.0,1.0,20700.0,0.17,20600.0,1.0,21600.0,1.0,21700.0,1.0,21800.0,1.0,21900.0,1.0,22000.0,1.0,22100.0,1.0,22200.0,1.0,22300.0,1.0,22400.0,1.0,22500.0,1.0
000629.SZ,2020-08-27,09:33:42,21500.0,0.0,0.0,21500.0,1.0,21400.0,1.0,21300.0,1.0,21200.0,1,21100.0,1.0,21000.0,1.0,20900.0,1.0,20800.0,1.0,20700.0,0.17,20600.0,1.0,21600.0,1.0,21700.0,1.0,21800.0,1.0,21900.0,1.0,22000.0,1.0,22100.0,1.0,22200.0,1.0,22300.0,1.0,22400.0,1.0,22500.0,1.0
000629.SZ,2020-08-27,09:33:43,21500.0,0.0,0.0,21500.0,1.0,21400.0,1.0,21300.0,1.0,21200.0,1,21100.0,1.0,21000.0,1.0,20900.0,1.0,20800.0,1.0,20700.0,0.17,20600.0,1.0,21600.0,1.0,21700.0,1.0,21800.0,1.0,21900.0,1.0,22000.0,1.0,22100.0,1.0,22200.0,1.0,22300.0,1.0,22400.0,1.0,22500.0,1.0
000629.SZ,2020-08-27,09:33:44,21500.0,4600.0,99360000.0,21500.0,1.0,21400.0,1.0,21300.0,1.0,21200.0,1,21100.0,1.0,21000.0,1.0,20900.0,1.0,20800.0,1.0,20700.0,0.17,20600.0,1.0,21600.0,1.0,21700.0,1.0,21800.0,1.0,21900.0,1.0,22000.0,1.0,22100.0,1.0,22200.0,1.0,22300.0,1.0,22400.0,1.0,22500.0,1.0
000629.SZ,2020-08-27,09:33:45,21600.0,0.0,0.0,21500.0,1.0,21400.0,1.0,21300.0,1.0,21200.0,1,21100.0,1.0,21000.0,1.0,20900.0,1.0,20800.0,1.0,20700.0,0.17,20600.0,1.0,21600.0,1.0,21700.0,1.0,21800.0,1.0,21900.0,1.0,22000.0,1.0,22100.0,1.0,22200.0,1.0,22300.0,1.0,22400.0,1.0,22500.0,1.0
000629.SZ,2020-08-27,09:33:46,21600.0,1200.0,25800000.0,21500.0,1.0,21400.0,1.0,21300.0,1.0,21200.0,1,21100.0,1.0,21000.0,1.0,20900.0,1.0,20800.0,1.0,20700.0,0.17,20600.0,1.0,21600.0,1.0,21700.0,1.0,21800.0,1.0,21900.0,1.0,22000.0,1.0,22100.0,1.0,22200.0,1.0,22300.0,1.0,22400.0,1.0,22500.0,1.0
000629.SZ,2020-08-27,09:33:47,21500.0,0.0,0.0,21500.0,1.0,21400.0,1.0,21300.0,1.0,21200.0,1,21100.0,1.0,21000.0,1.0,20900.0,1.0,20800.0,1.0,20700.0,0.17,20600.0,1.0,21600.0,1.0,21700.0,1.0,21800.0,1.0,21900.0,1.0,22000.0,1.0,22100.0,1.0,22200.0,1.0,22300.0,1.0,22400.0,1.0,22500.0,1.0
000629.SZ,2020-08-27,09:33:48,21500.0,0.0,0.0,21500.0,1.0,21400.0,1.0,21300.0,1.0,21200.0,1,21100.0,1.0,21000.0,1.0,20900.0,1.0,20800.0,1.0,20700.0,0.17,20600.0,1.0,21600.0,1.0,21700.0,1.0,21800.0,1.0,21900.0,1.0,22000.0,1.0,22100.0,1.0,22200.0,1.0,22300.0,1.0,22400.0,1.0,22500.0,1.0
000629.SZ,2020-08-27,09:33:49,21500.0,0.0,0.0,21500.0,1.0,21400.0,1.0,21300.0,1.0,21200.0,1,21100.0,1.0,21000.0,1.0,20900.0,1.0,20800.0,1.0,20700.0,0.17,20600.0,1.0,21600.0,1.0,21700.0,1.0,21800.0,1.0,21900.0,1.0,22000.0,1.0,22100.0,1.0,22200.0,1.0,22300.0,1.0,22400.0,1.0,22500.0,1.0
000629.SZ,2020-08-27,09:33:50,21500.0,0.0,0.0,21500.0,1.0,21400.0,1.0,21300.0,1.0,21200.0,1,21100.0,1.0,21000.0,1.0,20900.0,1.0,20800.0,1.0,20700.0,0.17,20600.0,1.0,21600.0,1.0,21700.0,1.0,21800.0,1.0,21900.0,1.0,22000.0,1.0,22100.0,1.0,22200.0,1.0,22300.0,1.0,22400.0,1.0,22500.0,1.0
000629.SZ,2020-08-27,09:33:51,21500.0,0.0,0.0,21500.0,1.0,21400.0,1.0,21300.0,1.0,21200.0,1,21100.0,1.0,21000.0,1.0,20900.0,1.0,20800.0,1.0,20700.0,0.17,20600.0,1.0,21600.0,1.0,21700.0,1.0,21800.0,1.0,21900.0,1.0,22000.0,1.0,22100.0,1.0,22200.0,1.0,22300.0,1.0,22400.0,1.0,22500.0,1.0
000629.SZ,2020-08-27,09:33:52,21500.0,500.0,10750000.0,21500.0,1.0,21400.0,1.0,21300.0,1.0,21200.0,1,21100.0,1.0,21000.0,1.0,20900.0,1.0,20800.0,1.0,20700.0,0.17,20600.0,1.0,21600.0,1.0,21700.0,1.0,21800.0,1.0,21900.0,1.0,22000.0,1.0,22100.0,1.0,22200.0,1.0,22300.0,1.0,22400.0,1.0,22500.0,1.0
000629.SZ,2020-08-27,09:33:53,21500.0,0.0,0.0,21500.0,1.0,21400.0,1.0,21300.0,1.0,21200.0,1,21100.0,1.0,21000.0,1.0,20900.0,1.0,20800.0,1.0,20700.0,0.17,20600.0,1.0,21600.0,1.0,21700.0,1.0,21800.0,1.0,21900.0,1.0,22000.0,1.0,22100.0,1.0,22200.0,1.0,22300.0,1.0,22400.0,1.0,22500.0,1.0
000629.SZ,2020-08-27,09:33:54,21500.0,0.0,0.0,21500.0,1.0,21400.0,1.0,21300.0,1.0,21200.0,1,21100.0,1.0,21000.0,1.0,20900.0,1.0,20800.0,1.0,20700.0,0.17,20600.0,1.0,21600.0,1.0,21700.0,1.0,21800.0,1.0,21900.0,1.0,22000.0,1.0,22100.0,1.0,22200.0,1.0,22300.0,1.0,22400.0,1.0,22500.0,1.0
000629.SZ,2020-08-27,09:33:55,21500.0,5000.0,108000000.0,21500.0,1.0,21400.0,1.0,21300.0,1.0,21200.0,1,21100.0,1.0,21000.0,1.0,20900.0,1.0,20800.0,1.0,20700.0,0.17,20600.0,1.0,21600.0,1.0,21700.0,1.0,21800.0,1.0,21900.0,1.0,22000.0,1.0,22100.0,1.0,22200.0,1.0,22300.0,1.0,22400.0,1.0,22500.0,1.0
000629.SZ,2020-08-27,09:33:56,21600.0,0.0,0.0,21500.0,1.0,21400.0,1.0,21300.0,1.0,21200.0,1,21100.0,1.0,21000.0,1.0,20900.0,1.0,20800.0,1.0,20700.0,0.17,20600.0,1.0,21600.0,1.0,21700.0,1.0,21800.0,1.0,21900.0,1.0,22000.0,1.0,22100.0,1.0,22200.0,1.0,22300.0,1.0,22400.0,1.0,22500.0,1.0
000629.SZ,2020-08-27,09:33:57,21600.0,0.0,0.0,21500.0,1.0,21400.0,1.0,21300.0,1.0,21200.0,1,21100.0,1.0,21000.0,1.0,20900.0,1.0,20800.0,1.0,20700.0,0.17,20600.0,1.0,21600.0,1.0,21700.0,1.0,21800.0,1.0,21900.0,1.0,22000.0,1.0,22100.0,1.0,22200.0,1.0,22300.0,1.0,22400.0,1.0,22500.0,1.0
000629.SZ,2020-08-27,09:33:58,21600.0,0.0,0.0,21500.0,1.0,21400.0,1.0,21300.0,1.0,21200.0,1,21100.0,1.0,21000.0,1.0,20900.0,1.0,20800.0,1.0,20700.0,0.17,20600.0,1.0,21600.0,1.0,21700.0,1.0,21800.0,1.0,21900.0,1.0,22000.0,1.0,22100.0,1.0,22200.0,1.0,22300.0,1.0,22400.0,1.0,22500.0,1.0
000629.SZ,2020-08-27,09:33:59,21600.0,2100.0,45360000.0,21500.0,1.0,21400.0,1.0,21300.0,1.0,21200.0,1,21100.0,1.0,21000.0,1.0,20900.0,1.0,20800.0,1.0,20700.0,0.17,20600.0,1.0,21600.0,1.0,21700.0,1.0,21800.0,1.0,21900.0,1.0,22000.0,1.0,22100.0,1.0,22200.0,1.0,22300.0,1.0,22400.0,1.0,22500.0,1.0
000629.SZ,2020-08-27,09:34:00,21600.0,0.0,0.0,21500.0,1.0,21400.0,1.0,21300.0,1.0,21200.0,1,21100.0,1.0,21000.0,1.0,20900.0,1.0,20800.0,1.0,20700.0,0.17,20600.0,1.0,21600.0,1.0,21700.0,1.0,21800.0,1.0,21900.0,1.0,22000.0,1.0,22100.0,1.0,22200.0,1.0,22300.0,1.0,22400.0,1.0,22500.0,1.0
000629.SZ,2020-08-27,09:34:01,21600.0,0.0,0.0,21500.0,1.0,21400.0,1.0,21300.0,1.0,21200.0,1,21100.0,1.0,21000.0,1.0,20900.0,1.0,20800.0,1.0,20700.0,0.17,20600.0,1.0,21600.0,1.0,21700.0,1.0,21800.0,1.0,21900.0,1.0,22000.0,1.0,22100.0,1.0,22200.0,1.0,22300.0,1.0,22400.0,1.0,22500.0,1.0
000629.SZ,2020-08-27,09:34:02,21600.0,0.0,0.0,21500.0,1.0,21400.0,1.0,21300.0,1.0,21200.0,1,21100.0,1.0,21000.0,1.0,20900.0,1.0,20800.0,1.0,20700.0,0.17,20600.0,1.0,21600.0,1.0,21700.0,1.0,21800.0,1.0,21900.0,1.0,22000.0,1.0,22100.0,1.0,22200.0,1.0,22300.0,1.0,22400.0,1.0,22500.0,1.0
000629.SZ,2020-08-27,09:34:03,21600.0,0.0,0.0,21500.0,1.0,21400.0,1.0,21300.0,1.0,21200.0,1,21100.0,1.0,21000.0,1.0,20900.0,1.0,20800.0,1.0,20700.0,0.17,20600.0,1.0,21600.0,1.0,21700.0,1.0,21800.0,1.0,21900.0,1.0,22000.0,1.0,22100.0,1.0,22200.0,1.0,22300.0,1.0,22400.0,1.0,22500.0,1.0
000629.SZ,2020-08-27,09:34:04,21600.0,0.0,0.0,21500.0,1.0,21400.0,1.0,21300.0,1.0,21200.0,1,21100.0,1.0,21000.0,1.0,20900.0,1.0,20800.0,1.0,20700.0,0.17,20600.0,1.0,21600.0,1.0,21700.0,1.0,21800.0,1.0,21900.0,1.0,22000.0,1.0,22100.0,1.0,22200.0,1.0,22300.0,1.0,22400.0,1.0,22500.0,1.0
000629.SZ,2020-08-27,09:34:05,21600.0,0.0,0.0,21500.0,1.0,21400.0,1.0,21300.0,1.0,21200.0,1,21100.0,1.0,21000.0,1.0,20900.0,1.0,20800.0,1.0,20700.0,0.17,20600.0,1.0,21600.0,1.0,21700.0,1.0,21800.0,1.0,21900.0,1.0,22000.0,1.0,22100.0,1.0,22200.0,1.0,22300.0,1.0,22400.0,1.0,22500.0,1.0
000629.SZ,2020-08-27,09:34:06,21600.0,0.0,0.0,21500.0,1.0,21400.0,1.0,21300.0,1.0,21200.0,1,21100.0,1.0,21000.0,1.0,20900.0,1.0,20800.0,1.0,20700.0,0.17,20600.0,1.0,21600.0,1.0,21700.0,1.0,21800.0,1.0,21900.0,1.0,22000.0,1.0,22100.0,1.0,22200.0,1.0,22300.0,1.0,22400.0,1.0,22500.0,1.0
000629.SZ,2020-08-27,09:34:07,21600.0,0.0,0.0,21500.0,1.0,21400.0,1.0,21300.0,1.0,21200.0,1,21100.0,1.0,21000.0,1.0,20900.0,1.0,20800.0,1.0,20700.0,0.17,20600.0,1.0,21600.0,1.0,21700.0,1.0,21800.0,1.0,21900.0,1.0,22000.0,1.0,22100.0,1.0,22200.0,1.0,22300.0,1.0,22400.0,1.0,22500.0,1.0
000629.SZ,2020-08-27,09:34:08,21600.0,0.0,0.0,21500.0,1.0,21400.0,1.0,21300.0,1.0,21200.0,1,21100.0,1.0,21000.0,1.0,20900.0,1.0,20800.0,1.0,20700.0,0.17,20600.0,1.0,21600.0,1.0,21700.0,1.0,21800.0,1.0,21900.0,1.0,22000.0,1.0,22100.0,1.0,22200.0,1.0,22300.0,1.0,22400.0,1.0,22500.0,1.0
000629.SZ,2020-08-27,09:34:09,21600.0,0.0,0.0,21500.0,1.0,21400.0,1.0,21300.0,1.0,21200.0,1,21100.0,1.0,21000.0,1.0,20900.0,1.0,20800.0,1.0,20700.0,0.17,20600.0,1.0,21600.0,1.0,21700.0,1.0,21800.0,1.0,21900.0,1.0,22000.0,1.0,22100.0,1.0,22200.0,1.0,22300.0,1.0,22400.0,1.0,22500.0,1.0
000629.SZ,2020-08-27,09:34:10,21600.0,0.0,0.0,21500.0,1.0,21400.0,1.0,21300.0,1.0,21200.0,1,21100.0,1.0,21000.0,1.0,20900.0,1.0,20800.0,1.0,20700.0,0.17,20600.0,1.0,21600.0,1.0,21700.0,1.0,21800.0,1.0,21900.0,1.0,22000.0,1.0,22100.0,1.0,22200.0,1.0,22300.0,1.0,22400.0,1.0,22500.0,1.0
000629.SZ,2020-08-27,09:34:11,21600.0,5000.0,107500000.0,21500.0,1.0,21400.0,1.0,21300.0,1.0,21200.0,1,21100.0,1.0,21000.0,1.0,20900.0,1.0,20800.0,1.0,20700.0,0.17,20600.0,1.0,21600.0,1.0,21700.0,1.0,21800.0,1.0,21900.0,1.0,22000.0,1.0,22100.0,1.0,22200.0,1.0,22300.0,1.0,22400.0,1.0,22500.0,1.0
000629.SZ,2020-08-27,09:34:12,21500.0,0.0,0.0,21500.0,1.0,21400.0,1.0,21300.0,1.0,21200.0,1,21100.0,1.0,21000.0,1.0,20900.0,1.0,20800.0,1.0,20700.0,0.17,20600.0,1.0,21600.0,1.0,21700.0,1.0,21800.0,1.0,21900.0,1.0,22000.0,1.0,22100.0,1.0,22200.0,1.0,22300.0,1.0,22400.0,1.0,22500.0,1.0
000629.SZ,2020-08-27,09:34:13,21500.0,0.0,0.0,21500.0,1.0,21400.0,1.0,21300.0,1.0,21200.0,1,21100.0,1.0,21000.0,1.0,20900.0,1.0,20800.0,1.0,20700.0,0.17,20600.0,1.0,21600.0,1.0,21700.0,1.0,21800.0,1.0,21900.0,1.0,22000.0,1.0,22100.0,1.0,22200.0,1.0,22300.0,1.0,22400.0,1.0,22500.0,1.0
000629.SZ,2020-08-27,09:34:14,21500.0,0.0,0.0,21500.0,1.0,21400.0,1.0,21300.0,1.0,21200.0,1,21100.0,1.0,21000.0,1.0,20900.0,1.0,20800.0,1.0,20700.0,0.17,20600.0,1.0,21600.0,1.0,21700.0,1.0,21800.0,1.0,21900.0,1.0,22000.0,1.0,22100.0,1.0,22200.0,1.0,22300.0,1.0,22400.0,1.0,22500.0,1.0
000629.SZ,2020-08-27,09:34:15,21500.0,0.0,0.0,21500.0,1.0,21400.0,1.0,21300.0,1.0,21200.0,1,21100.0,1.0,21000.0,1.0,20900.0,1.0,20800.0,1.0,20700.0,0.17,20600.0,1.0,21600.0,1.0,21700.0,1.0,21800.0,1.0,21900.0,1.0,22000.0,1.0,22100.0,1.0,22200.0,1.0,22300.0,1.0,22400.0,1.0,22500.0,1.0
000629.SZ,2020-08-27,09:34:16,21500.0,0.0,0.0,21500.0,1.0,21400.0,1.0,21300.0,1.0,21200.0,1,21100.0,1.0,21000.0,1.0,20900.0,1.0,20800.0,1.0,20700.0,0.17,20600.0,1.0,21600.0,1.0,21700.0,1.0,21800.0,1.0,21900.0,1.0,22000.0,1.0,22100.0,1.0,22200.0,1.0,22300.0,1.0,22400.0,1.0,22500.0,1.0
000629.SZ,2020-08-27,09:34:17,21500.0,1500.0,32400000.0,21500.0,1.0,21400.0,1.0,21300.0,1.0,21200.0,1,21100.0,1.0,21000.0,1.0,20900.0,1.0,20800.0,1.0,20700.0,0.17,20600.0,1.0,21600.0,1.0,21700.0,1.0,21800.0,1.0,21900.0,1.0,22000.0,1.0,22100.0,1.0,22200.0,1.0,22300.0,1.0,22400.0,1.0,22500.0,1.0
000629.SZ,2020-08-27,09:34:18,21600.0,1100.0,23760000.0,21500.0,1.0,21400.0,1.0,21300.0,1.0,21200.0,1,21100.0,1.0,21000.0,1.0,20900.0,1.0,20800.0,1.0,20700.0,0.17,20600.0,1.0,21600.0,1.0,21700.0,1.0,21800.0,1.0,21900.0,1.0,22000.0,1.0,22100.0,1.0,22200.0,1.0,22300.0,1.0,22400.0,1.0,22500.0,1.0
000629.SZ,2020-08-27,09:34:19,21600.0,500.0,10750000.0,21500.0,1.0,21400.0,1.0,21300.0,1.0,21200.0,1,21100.0,1.0,21000.0,1.0,20900.0,1.0,20800.0,1.0,20700.0,0.17,20600.0,1.0,21600.0,1.0,21700.0,1.0,21800.0,1.0,21900.0,1.0,22000.0,1.0,22100.0,1.0,22200.0,1.0,22300.0,1.0,22400.0,1.0,22500.0,1.0
000629.SZ,2020-08-27,09:34:20,21500.0,0.0,0.0,21500.0,1.0,21400.0,1.0,21300.0,1.0,21200.0,1,21100.0,1.0,21000.0,1.0,20900.0,1.0,20800.0,1.0,20700.0,0.17,20600.0,1.0,21600.0,1.0,21700.0,1.0,21800.0,1.0,21900.0,1.0,22000.0,1.0,22100.0,1.0,22200.0,1.0,22300.0,1.0,22400.0,1.0,22500.0,1.0
000629.SZ,2020-08-27,09:34:21,21500.0,0.0,0.0,21500.0,1.0,21400.0,1.0,21300.0,1.0,21200.0,1,21100.0,1.0,21000.0,1.0,20900.0,1.0,20800.0,1.0,20700.0,0.17,20600.0,1.0,21600.0,1.0,21700.0,1.0,21800.0,1.0,21900.0,1.0,22000.0,1.0,22100.0,1.0,22200.0,1.0,22300.0,1.0,22400.0,1.0,22500.0,1.0
000629.SZ,2020-08-27,09:34:22,21500.0,7800.0,168480000.0,21500.0,1.0,21400.0,1.0,21300.0,1.0,21200.0,1,21100.0,1.0,21000.0,1.0,20900.0,1.0,20800.0,1.0,20700.0,0.17,20600.0,1.0,21600.0,1.0,21700.0,1.0,21800.0,1.0,21900.0,1.0,22000.0,1.0,22100.0,1.0,22200.0,1.0,22300.0,1.0,22400.0,1.0,22500.0,1.0
000629.SZ,2020-08-27,09:34:23,21600.0,0.0,0.0,21500.0,1.0,21400.0,1.0,21300.0,1.0,21200.0,1,21100.0,1.0,21000.0,1.0,20900.0,1.0,20800.0,1.0,20700.0,0.17,20600.0,1.0,21600.0,1.0,21700.0,1.0,21800.0,1.0,21900.0,1.0,22000.0,1.0,22100.0,1.0,22200.0,1.0,22300.0,1.0,22400.0,1.0,22500.0,1.0
000629.SZ,2020-08-27,09:34:24,21600.0,4600.0,99360000.0,21500.0,1.0,21400.0,1.0,21300.0,1.0,21200.0,1,21100.0,1.0,21000.0,1.0,20900.0,1.0,20800.0,1.0,20700.0,0.17,20600.0,1.0,21600.0,1.0,21700.0,1.0,21800.0,1.0,21900.0,1.0,22000.0,1.0,22100.0,1.0,22200.0,1.0,22300.0,1.0,22400.0,1.0,22500.0,1.0
000629.SZ,2020-08-27,09:34:25,21600.0,1000.0,21600000.0,21500.0,1.0,21400.0,1.0,21300.0,1.0,21200.0,1,21100.0,1.0,21000.0,1.0,20900.0,1.0,20800.0,1.0,20700.0,0.17,20600.0,1.0,21600.0,1.0,21700.0,1.0,21800.0,1.0,21900.0,1.0,22000.0,1.0,22100.0,1.0,22200.0,1.0,22300.0,1.0,22400.0,1.0,22500.0,1.0
000629.SZ,2020-08-27,09:34:26,21600.0,1200.0,25800000.0,21500.0,1.0,21400.0,1.0,21300.0,1.0,21200.0,1,21100.0,1.0,21000.0,1.0,20900.0,1.0,20800.0,1.0,20700.0,0.17,20600.0,1.0,21600.0,1.0,21700.0,1.0,21800.0,1.0,21900.0,1.0,22000.0,1.0,22100.0,1.0,22200.0,1.0,22300.0,1.0,22400.0,1.0,22500.0,1.0
000629.SZ,2020-08-27,09:34:27,21500.0,0.0,0.0,21500.0,1.0,21400.0,1.0,21300.0,1.0,21200.0,1,21100.0,1.0,21000.0,1.0,20900.0,1.0,20800.0,1.0,20700.0,0.17,20600.0,1.0,21600.0,1.0,21700.0,1.0,21800.0,1.0,21900.0,1.0,22000.0,1.0,22100.0,1.0,22200.0,1.0,22300.0,1.0,22400.0,1.0,22500.0,1.0
000629.SZ,2020-08-27,09:34:28,21500.0,1100.0,23760000.0,21500.0,1.0,21400.0,1.0,21300.0,1.0,21200.0,1,21100.0,1.0,21000.0,1.0,20900.0,1.0,20800.0,1.0,20700.0,0.17,20600.0,1.0,21600.0,1.0,21700.0,1.0,21800.0,1.0,21900.0,1.0,22000.0,1.0,22100.0,1.0,22200.0,1.0,22300.0,1.0,22400.0,1.0,22500.0,1.0
000629.SZ,2020-08-27,09:34:29,21600.0,4600.0,99360000.0,21500.0,1.0,21400.0,1.0,21300.0,1.0,21200.0,1,21100.0,1.0,21000.0,1.0,20900.0,1.0,20800.0,1.0,20700.0,0.17,20600.0,1.0,21600.0,1.0,21700.0,1.0,21800.0,1.0,21900.0,1.0,22000.0,1.0,22100.0,1.0,22200.0,1.0,22300.0,1.0,22400.0,1.0,22500.0,1.0
000629.SZ,2020-08-27,09:34:30,21600.0,0.0,0.0,21500.0,1.0,21400.0,1.0,21300.0,1.0,21200.0,1,21100.0,1.0,21000.0,1.0,20900.0,1.0,20800.0,1.0,20700.0,0.17,20600.0,1.0,21600.0,1.0,21700.0,1.0,21800.0,1.0,21900.0,1.0,22000.0,1.0,22100.0,1.0,22200.0,1.0,22300.0,1.0,22400.0,1.0,22500.0,1.0
000629.SZ,2020-08-27,09:34:31,21600.0,0.0,0.0,21500.0,1.0,21400.0,1.0,21300.0,1.0,21200.0,1,21100.0,1.0,21000.0,1.0,20900.0,1.0,20800.0,1.0,20700.0,0.17,20600.0,1.0,21600.0,1.0,21700.0,1.0,21800.0,1.0,21900.0,1.0,22000.0,1.0,22100.0,1.0,22200.0,1.0,22300.0,1.0,22400.0,1.0,22500.0,1.0
000629.SZ,2020-08-27,09:34:32,21600.0,0.0,0.0,21500.0,1.0,21400.0,1.0,21300.0,1.0,21200.0,1,21100.0,1.0,21000.0,1.0,20900.0,1.0,20800.0,1.0,20700.0,0.17,20600.0,1.0,21600.0,1.0,21700.0,1.0,21800.0,1.0,21900.0,1.0,22000.0,1.0,22100.0,1.0,22200.0,1.0,22300.0,1.0,22400.0,1.0,22500.0,1.0
000629.SZ,2020-08-27,09:34:33,21600.0,1900.0,41040000.0,21500.0,1.0,21400.0,1.0,21300.0,1.0,21200.0,1,21100.0,1.0,21000.0,1.0,20900.0,1.0,20800.0,1.0,20700.0,0.17,20600.0,1.0,21600.0,1.0,21700.0,1.0,21800.0,1.0,21900.0,1.0,22000.0,1.0,22100.0,1.0,22200.0,1.0,22300.0,1.0,22400.0,1.0,22500.0,1.0
000629.SZ,2020-08-27,09:34:34,21600.0,1900.0,41040000.0,21500.0,1.0,21400.0,1.0,21300.0,1.0,21200.0,1,21100.0,1.0,21000.0,1.0,20900.0,1.0,20800.0,1.0,20700.0,0.17,20600.0,1.0,21600.0,1.0,21700.0,1.0,21800.0,1.0,21900.0,1.0,22000.0,1.0,22100.0,1.0,22200.0,1.0,22300.0,1.0,22400.0,1.0,22500.0,1.0
000629.SZ,2020-08-27,09:34:35,21600.0,0.0,0.0,21500.0,1.0,21400.0,1.0,21300.0,1.0,21200.0,1,21100.0,1.0,21000.0,1.0,20900.0,1.0,20800.0,1.0,20700.0,0.17,20600.0,1.0,21600.0,1.0,21700.0,1.0,21800.0,1.0,21900.0,1.0,22000.0,1.0,22100.0,1.0,22200.0,1.0,22300.0,1.0,22400.0,1.0,22500.0,1.0
000629.SZ,2020-08-27,09:34:36,21600.0,500.0,10750000.0,21500.0,1.0,21400.0,1.0,21300.0,1.0,21200.0,1,21100.0,1.0,21000.0,1.0,20900.0,1.0,20800.0,1.0,20700.0,0.17,20600.0,1.0,21600.0,1.0,21700.0,1.0,21800.0,1.0,21900.0,1.0,22000.0,1.0,22100.0,1.0,22200.0,1.0,22300.0,1.0,22400.0,1.0,22500.0,1.0
000629.SZ,2020-08-27,09:34:37,21500.0,100.0,2160000.0,21500.0,1.0,21400.0,1.0,21300.0,1.0,21200.0,1,21100.0,1.0,21000.0,1.0,20900.0,1.0,20800.0,1.0,20700.0,0.17,20600.0,1.0,21600.0,1.0,21700.0,1.0,21800.0,1.0,21900.0,1.0,22000.0,1.0,22100.0,1.0,22200.0,1.0,22300.0,1.0,22400.0,1.0,22500.0,1.0
000629.SZ,2020-08-27,09:34:38,21600.0,0.0,0.0,21500.0,1.0,21400.0,1.0,21300.0,1.0,21200.0,1,21100.0,1.0,21000.0,1.0,20900.0,1.0,20800.0,1.0,20700.0,0.17,20600.0,1.0,21600.0,1.0,21700.0,1.0,21800.0,1.0,21900.0,1.0,22000.0,1.0,22100.0,1.0,22200.0,1.0,22300.0,1.0,22400.0,1.0,22500.0,1.0
000629.SZ,2020-08-27,09:34:39,21600.0,7100.0,153360000.0,21500.0,1.0,21400.0,1.0,21300.0,1.0,21200.0,1,21100.0,1.0,21000.0,1.0,20900.0,1.0,20800.0,1.0,20700.0,0.17,20600.0,1.0,21600.0,1.0,21700.0,1.0,21800.0,1.0,21900.0,1.0,22000.0,1.0,22100.0,1.0,22200.0,1.0,22300.0,1.0,22400.0,1.0,22500.0,1.0
000629.SZ,2020-08-27,09:34:40,21600.0,0.0,0.0,21500.0,1.0,21400.0,1.0,21300.0,1.0,21200.0,1,21100.0,1.0,21000.0,1.0,20900.0,1.0,20800.0,1.0,20700.0,0.17,20600.0,1.0,21600.0,1.0,21700.0,1.0,21800.0,1.0,21900.0,1.0,22000.0,1.0,22100.0,1.0,22200.0,1.0,22300.0,1.0,22400.0,1.0,22500.0,1.0
000629.SZ,2020-08-27,09:34:41,21600.0,0.0,0.0,21500.0,1.0,21400.0,1.0,21300.0,1.0,21200.0,1,21100.0,1.0,21000.0,1.0,20900.0,1.0,20800.0,1.0,20700.0,0.17,20600.0,1.0,21600.0,1.0,21700.0,1.0,21800.0,1.0,21900.0,1.0,22000.0,1.0,22100.0,1.0,22200.0,1.0,22300.0,1.0,22400.0,1.0,22500.0,1.0
000629.SZ,2020-08-27,09:34:42,21600.0,0.0,0.0,21500.0,1.0,21400.0,1.0,21300.0,1.0,21200.0,1,21100.0,1.0,21000.0,1.0,20900.0,1.0,20800.0,1.0,20700.0,0.17,20600.0,1.0,21600.0,1.0,21700.0,1.0,21800.0,1.0,21900.0,1.0,22000.0,1.0,22100.0,1.0,22200.0,1.0,22300.0,1.0,22400.0,1.0,22500.0,1.0
000629.SZ,2020-08-27,09:34:43,21600.0,0.0,0.0,21500.0,1.0,21400.0,1.0,21300.0,1.0,21200.0,1,21100.0,1.0,21000.0,1.0,20900.0,1.0,20800.0,1.0,20700.0,0.17,20600.0,1.0,21600.0,1.0,21700.0,1.0,21800.0,1.0,21900.0,1.0,22000.0,1.0,22100.0,1.0,22200.0,1.0,22300.0,1.0,22400.0,1.0,22500.0,1.0
000629.SZ,2020-08-27,09:34:44,21600.0,0.0,0.0,21500.0,1.0,21400.0,1.0,21300.0,1.0,21200.0,1,21100.0,1.0,21000.0,1.0,20900.0,1.0,20800.0,1.0,20700.0,0.17,20600.0,1.0,21600.0,1.0,21700.0,1.0,21800.0,1.0,21900.0,1.0,22000.0,1.0,22100.0,1.0,22200.0,1.0,22300.0,1.0,22400.0,1.0,22500.0,1.0
000629.SZ,2020-08-27,09:34:45,21600.0,4600.0,99360000.0,21500.0,1.0,21400.0,1.0,21300.0,1.0,21200.0,1,21100.0,1.0,21000.0,1.0,20900.0,1.0,20800.0,1.0,20700.0,0.17,20600.0,1.0,21600.0,1.0,21700.0,1.0,21800.0,1.0,21900.0,1.0,22000.0,1.0,22100.0,1.0,22200.0,1.0,22300.0,1.0,22400.0,1.0,22500.0,1.0
000629.SZ,2020-08-27,09:34:46,21600.0,0.0,0.0,21500.0,1.0,21400.0,1.0,21300.0,1.0,21200.0,1,21100.0,1.0,21000.0,1.0,20900.0,1.0,20800.0,1.0,20700.0,0.17,20600.0,1.0,21600.0,1.0,21700.0,1.0,21800.0,1.0,21900.0,1.0,22000.0,1.0,22100.0,1.0,22200.0,1.0,22300.0,1.0,22400.0,1.0,22500.0,1.0
000629.SZ,2020-08-27,09:34:47,21600.0,0.0,0.0,21500.0,1.0,21400.0,1.0,21300.0,1.0,21200.0,1,21100.0,1.0,21000.0,1.0,20900.0,1.0,20800.0,1.0,20700.0,0.17,20600.0,1.0,21600.0,1.0,21700.0,1.0,21800.0,1.0,21900.0,1.0,22000.0,1.0,22100.0,1.0,22200.0,1.0,22300.0,1.0,22400.0,1.0,22500.0,1.0
000629.SZ,2020-08-27,09:34:48,21600.0,0.0,0.0,21500.0,1.0,21400.0,1.0,21300.0,1.0,21200.0,1,21100.0,1.0,21000.0,1.0,20900.0,1.0,20800.0,1.0,20700.0,0.17,20600.0,1.0,21600.0,1.0,21700.0,1.0,21800.0,1.0,21900.0,1.0,22000.0,1.0,22100.0,1.0,22200.0,1.0,22300.0,1.0,22400.0,1.0,22500.0,1.0
000629.SZ,2020-08-27,09:34:49,21600.0,0.0,0.0,21500.0,1.0,21400.0,1.0,21300.0,1.0,21200.0,1,21100.0,1.0,21000.0,1.0,20900.0,1.0,20800.0,1.0,20700.0,0.17,20600.0,1.0,21600.0,1.0,21700.0,1.0,21800.0,1.0,21900.0,1.0,22000.0,1.0,22100.0,1.0,22200.0,1.0,22300.0,1.0,22400.0,1.0,22500.0,1.0
000629.SZ,2020-08-27,09:34:50,21600.0,0.0,0.0,21500.0,1.0,21400.0,1.0,21300.0,1.0,21200.0,1,21100.0,1.0,21000.0,1.0,20900.0,1.0,20800.0,1.0,20700.0,0.17,20600.0,1.0,21600.0,1.0,21700.0,1.0,21800.0,1.0,21900.0,1.0,22000.0,1.0,22100.0,1.0,22200.0,1.0,22300.0,1.0,22400.0,1.0,22500.0,1.0
000629.SZ,2020-08-27,09:34:51,21600.0,4600.0,99360000.0,21500.0,1.0,21400.0,1.0,21300.0,1.0,21200.0,1,21100.0,1.0,21000.0,1.0,20900.0,1.0,20800.0,1.0,20700.0,0.17,20600.0,1.0,21600.0,1.0,21700.0,1.0,21800.0,1.0,21900.0,1.0,22000.0,1.0,22100.0,1.0,22200.0,1.0,22300.0,1.0,22400.0,1.0,22500.0,1.0
000629.SZ,2020-08-27,09:34:52,21600.0,0.0,0.0,21500.0,1.0,21400.0,1.0,21300.0,1.0,21200.0,1,21100.0,1.0,21000.0,1.0,20900.0,1.0,20800.0,1.0,20700.0,0.17,20600.0,1.0,21600.0,1.0,21700.0,1.0,21800.0,1.0,21900.0,1.0,22000.0,1.0,22100.0,1.0,22200.0,1.0,22300.0,1.0,22400.0,1.0,22500.0,1.0
000629.SZ,2020-08-27,09:34:53,21600.0,18200.0,391300000.0,21500.0,1.0,21400.0,1.0,21300.0,1.0,21200.0,1,21100.0,1.0,21000.0,1.0,20900.0,1.0,20800.0,1.0,20700.0,0.17,20600.0,1.0,21600.0,1.0,21700.0,1.0,21800.0,1.0,21900.0,1.0,22000.0,1.0,22100.0,1.0,22200.0,1.0,22300.0,1.0,22400.0,1.0,22500.0,1.0
000629.SZ,2020-08-27,09:34:54,21500.0,2300.0,49680000.0,21500.0,1.0,21400.0,1.0,21300.0,1.0,21200.0,1,21100.0,1.0,21000.0,1.0,20900.0,1.0,20800.0,1.0,20700.0,0.17,20600.0,1.0,21600.0,1.0,21700.0,1.0,21800.0,1.0,21900.0,1.0,22000.0,1.0,22100.0,1.0,22200.0,1.0,22300.0,1.0,22400.0,1.0,22500.0,1.0
000629.SZ,2020-08-27,09:34:55,21600.0,1700.0,36720000.0,21500.0,1.0,21400.0,1.0,21300.0,1.0,21200.0,1,21100.0,1.0,21000.0,1.0,20900.0,1.0,20800.0,1.0,20700.0,0.17,20600.0,1.0,21600.0,1.0,21700.0,1.0,21800.0,1.0,21900.0,1.0,22000.0,1.0,22100.0,1.0,22200.0,1.0,22300.0,1.0,22400.0,1.0,22500.0,1.0
000629.SZ,2020-08-27,09:34:56,21600.0,0.0,0.0,21500.0,1.0,21400.0,1.0,21300.0,1.0,21200.0,1,21100.0,1.0,21000.0,1.0,20900.0,1.0,20800.0,1.0,20700.0,0.17,20600.0,1.0,21600.0,1.0,21700.0,1.0,21800.0,1.0,21900.0,1.0,22000.0,1.0,22100.0,1.0,22200.0,1.0,22300.0,1.0,22400.0,1.0,22500.0,1.0
000629.SZ,2020-08-27,09:34:57,21600.0,2700.0,58320000.0,21500.0,1.0,21400.0,1.0,21300.0,1.0,21200.0,1,21100.0,1.0,21000.0,1.0,20900.0,1.0,20800.0,1.0,20700.0,0.17,20600.0,1.0,21600.0,1.0,21700.0,1.0,21800.0,1.0,21900.0,1.0,22000.0,1.0,22100.0,1.0,22200.0,1.0,22300.0,1.0,22400.0,1.0,22500.0,1.0
000629.SZ,2020-08-27,09:34:58,21600.0,4200.0,90720000.0,21500.0,1.0,21400.0,1.0,21300.0,1.0,21200.0,1,21100.0,1.0,21000.0,1.0,20900.0,1.0,20800.0,1.0,20700.0,0.17,20600.0,1.0,21600.0,1.0,21700.0,1.0,21800.0,1.0,21900.0,1.0,22000.0,1.0,22100.0,1.0,22200.0,1.0,22300.0,1.0,22400.0,1.0,22500.0,1.0
000629.SZ,2020-08-27,09:34:59,21600.0,0.0,0.0,21500.0,1.0,21400.0,1.0,21300.0,1.0,21200.0,1,21100.0,1.0,21000.0,1.0,20900.0,1.0,20800.0,1.0,20700.0,0.17,20600.0,1.0,21600.0,1.0,21700.0,1.0,21800.0,1.0,21900.0,1.0,22000.0,1.0,22100.0,1.0,22200.0,1.0,22300.0,1.0,22400.0,1.0,22500.0,1.0
000629.SZ,2020-08-27,09:35:00,21600.0,0.0,0.0,21500.0,1.0,21400.0,1.0,21300.0,1.0,21200.0,1,21100.0,1.0,21000.0,1.0,20900.0,1.0,20800.0,1.0,20700.0,0.17,20600.0,1.0,21600.0,1.0,21700.0,1.0,21800.0,1.0,21900.0,1.0,22000.0,1.0,22100.0,1.0,22200.0,1.0,22300.0,1.0,22400.0,1.0,22500.0,1.0
000629.SZ,2020-08-27,09:35:01,21600.0,8400.0,180793200.0,21500.0,1.0,21400.0,1.0,21300.0,1.0,21200.0,1,21100.0,1.0,21000.0,1.0,20900.0,1.0,20800.0,1.0,20700.0,0.17,20600.0,1.0,21600.0,1.0,21700.0,1.0,21800.0,1.0,21900.0,1.0,22000.0,1.0,22100.0,1.0,22200.0,1.0,22300.0,1.0,22400.0,1.0,22500.0,1.0
000629.SZ,2020-08-27,09:35:02,21600.0,9200.0,198720000.0,21500.0,1.0,21400.0,1.0,21300.0,1.0,21200.0,1,21100.0,1.0,21000.0,1.0,20900.0,1.0,20800.0,1.0,20700.0,0.17,20600.0,1.0,21600.0,1.0,21700.0,1.0,21800.0,1.0,21900.0,1.0,22000.0,1.0,22100.0,1.0,22200.0,1.0,22300.0,1.0,22400.0,1.0,22500.0,1.0
000629.SZ,2020-08-27,09:35:03,21600.0,0.0,0.0,21500.0,1.0,21400.0,1.0,21300.0,1.0,21200.0,1,21100.0,1.0,21000.0,1.0,20900.0,1.0,20800.0,1.0,20700.0,0.17,20600.0,1.0,21600.0,1.0,21700.0,1.0,21800.0,1.0,21900.0,1.0,22000.0,1.0,22100.0,1.0,22200.0,1.0,22300.0,1.0,22400.0,1.0,22500.0,1.0
000629.SZ,2020-08-27,09:35:04,21600.0,13600.0,293760000.0,21500.0,1.0,21400.0,1.0,21300.0,1.0,21200.0,1,21100.0,1.0,21000.0,1.0,20900.0,1.0,20800.0,1.0,20700.0,0.17,20600.0,1.0,21600.0,1.0,21700.0,1.0,21800.0,1.0,21900.0,1.0,22000.0,1.0,22100.0,1.0,22200.0,1.0,22300.0,1.0,22400.0,1.0,22500.0,1.0
000629.SZ,2020-08-27,09:35:05,21600.0,0.0,0.0,21500.0,1.0,21400.0,1.0,21300.0,1.0,21200.0,1,21100.0,1.0,21000.0,1.0,20900.0,1.0,20800.0,1.0,20700.0,0.17,20600.0,1.0,21600.0,1.0,21700.0,1.0,21800.0,1.0,21900.0,1.0,22000.0,1.0,22100.0,1.0,22200.0,1.0,22300.0,1.0,22400.0,1.0,22500.0,1.0
000629.SZ,2020-08-27,09:35:06,21600.0,5800.0,125280000.0,21500.0,1.0,21400.0,1.0,21300.0,1.0,21200.0,1,21100.0,1.0,21000.0,1.0,20900.0,1.0,20800.0,1.0,20700.0,0.17,20600.0,1.0,21600.0,1.0,21700.0,1.0,21800.0,1.0,21900.0,1.0,22000.0,1.0,22100.0,1.0,22200.0,1.0,22300.0,1.0,22400.0,1.0,22500.0,1.0
000629.SZ,2020-08-27,09:35:07,21600.0,13900.0,300240000.0,21500.0,1.0,21400.0,1.0,21300.0,1.0,21200.0,1,21100.0,1.0,21000.0,1.0,20900.0,1.0,20800.0,1.0,20700.0,0.17,20600.0,1.0,21600.0,1.0,21700.0,1.0,21800.0,1.0,21900.0,1.0,22000.0,1.0,22100.0,1.0,22200.0,1.0,22300.0,1.0,22400.0,1.0,22500.0,1.0
000629.SZ,2020-08-27,09:35:08,21600.0,0.0,0.0,21500.0,1.0,21400.0,1.0,21300.0,1.0,21200.0,1,21100.0,1.0,21000.0,1.0,20900.0,1.0,20800.0,1.0,20700.0,0.17,20600.0,1.0,21600.0,1.0,21700.0,1.0,21800.0,1.0,21900.0,1.0,22000.0,1.0,22100.0,1.0,22200.0,1.0,22300.0,1.0,22400.0,1.0,22500.0,1.0
000629.SZ,2020-08-27,09:35:09,21600.0,1900.0,41040000.0,21500.0,1.0,21400.0,1.0,21300.0,1.0,21200.0,1,21100.0,1.0,21000.0,1.0,20900.0,1.0,20800.0,1.0,20700.0,0.17,20600.0,1.0,21600.0,1.0,21700.0,1.0,21800.0,1.0,21900.0,1.0,22000.0,1.0,22100.0,1.0,22200.0,1.0,22300.0,1.0,22400.0,1.0,22500.0,1.0
000629.SZ,2020-08-27,09:35:10,21600.0,0.0,0.0,21500.0,1.0,21400.0,1.0,21300.0,1.0,21200.0,1,21100.0,1.0,21000.0,1.0,20900.0,1.0,20800.0,1.0,20700.0,0.17,20600.0,1.0,21600.0,1.0,21700.0,1.0,21800.0,1.0,21900.0,1.0,22000.0,1.0,22100.0,1.0,22200.0,1.0,22300.0,1.0,22400.0,1.0,22500.0,1.0
000629.SZ,2020-08-27,09:35:11,21600.0,58400.0,1261440000.0,21500.0,1.0,21400.0,1.0,21300.0,1.0,21200.0,1,21100.0,1.0,21000.0,1.0,20900.0,1.0,20800.0,1.0,20700.0,0.17,20600.0,1.0,21600.0,1.0,21700.0,1.0,21800.0,1.0,21900.0,1.0,22000.0,1.0,22100.0,1.0,22200.0,1.0,22300.0,1.0,22400.0,1.0,22500.0,1.0
000629.SZ,2020-08-27,09:35:12,21600.0,100.0,2160000.0,21500.0,1.0,21400.0,1.0,21300.0,1.0,21200.0,1,21100.0,1.0,21000.0,1.0,20900.0,1.0,20800.0,1.0,20700.0,0.17,20600.0,1.0,21600.0,1.0,21700.0,1.0,21800.0,1.0,21900.0,1.0,22000.0,1.0,22100.0,1.0,22200.0,1.0,22300.0,1.0,22400.0,1.0,22500.0,1.0
000629.SZ,2020-08-27,09:35:13,21600.0,0.0,0.0,21500.0,1.0,21400.0,1.0,21300.0,1.0,21200.0,1,21100.0,1.0,21000.0,1.0,20900.0,1.0,20800.0,1.0,20700.0,0.17,20600.0,1.0,21600.0,1.0,21700.0,1.0,21800.0,1.0,21900.0,1.0,22000.0,1.0,22100.0,1.0,22200.0,1.0,22300.0,1.0,22400.0,1.0,22500.0,1.0
000629.SZ,2020-08-27,09:35:14,21600.0,700.0,15120000.0,21500.0,1.0,21400.0,1.0,21300.0,1.0,21200.0,1,21100.0,1.0,21000.0,1.0,20900.0,1.0,20800.0,1.0,20700.0,0.17,20600.0,1.0,21600.0,1.0,21700.0,1.0,21800.0,1.0,21900.0,1.0,22000.0,1.0,22100.0,1.0,22200.0,1.0,22300.0,1.0,22400.0,1.0,22500.0,1.0
000629.SZ,2020-08-27,09:35:15,21600.0,0.0,0.0,21500.0,1.0,21400.0,1.0,21300.0,1.0,21200.0,1,21100.0,1.0,21000.0,1.0,20900.0,1.0,20800.0,1.0,20700.0,0.17,20600.0,1.0,21600.0,1.0,21700.0,1.0,21800.0,1.0,21900.0,1.0,22000.0,1.0,22100.0,1.0,22200.0,1.0,22300.0,1.0,22400.0,1.0,22500.0,1.0
000629.SZ,2020-08-27,09:35:16,21600.0,0.0,0.0,21500.0,1.0,21400.0,1.0,21300.0,1.0,21200.0,1,21100.0,1.0,21000.0,1.0,20900.0,1.0,20800.0,1.0,20700.0,0.17,20600.0,1.0,21600.0,1.0,21700.0,1.0,21800.0,1.0,21900.0,1.0,22000.0,1.0,22100.0,1.0,22200.0,1.0,22300.0,1.0,22400.0,1.0,22500.0,1.0
000629.SZ,2020-08-27,09:35:17,21600.0,3300.0,71280000.0,21500.0,1.0,21400.0,1.0,21300.0,1.0,21200.0,1,21100.0,1.0,21000.0,1.0,20900.0,1.0,20800.0,1.0,20700.0,0.17,20600.0,1.0,21600.0,1.0,21700.0,1.0,21800.0,1.0,21900.0,1.0,22000.0,1.0,22100.0,1.0,22200.0,1.0,22300.0,1.0,22400.0,1.0,22500.0,1.0
000629.SZ,2020-08-27,09:35:18,21600.0,200.0,4300000.0,21500.0,1.0,21400.0,1.0,21300.0,1.0,21200.0,1,21100.0,1.0,21000.0,1.0,20900.0,1.0,20800.0,1.0,20700.0,0.17,20600.0,1.0,21600.0,1.0,21700.0,1.0,21800.0,1.0,21900.0,1.0,22000.0,1.0,22100.0,1.0,22200.0,1.0,22300.0,1.0,22400.0,1.0,22500.0,1.0
000629.SZ,2020-08-27,09:35:19,21500.0,13300.0,287280000.0,21500.0,1.0,21400.0,1.0,21300.0,1.0,21200.0,1,21100.0,1.0,21000.0,1.0,20900.0,1.0,20800.0,1.0,20700.0,0.17,20600.0,1.0,21600.0,1.0,21700.0,1.0,21800.0,1.0,21900.0,1.0,22000.0,1.0,22100.0,1.0,22200.0,1.0,22300.0,1.0,22400.0,1.0,22500.0,1.0
000629.SZ,2020-08-27,09:35:20,21600.0,0.0,0.0,21500.0,1.0,21400.0,1.0,21300.0,1.0,21200.0,1,21100.0,1.0,21000.0,1.0,20900.0,1.0,20800.0,1.0,20700.0,0.17,20600.0,1.0,21600.0,1.0,21700.0,1.0,21800.0,1.0,21900.0,1.0,22000.0,1.0,22100.0,1.0,22200.0,1.0,22300.0,1.0,22400.0,1.0,22500.0,1.0
000629.SZ,2020-08-27,09:35:21,21600.0,0.0,0.0,21500.0,1.0,21400.0,1.0,21300.0,1.0,21200.0,1,21100.0,1.0,21000.0,1.0,20900.0,1.0,20800.0,1.0,20700.0,0.17,20600.0,1.0,21600.0,1.0,21700.0,1.0,21800.0,1.0,21900.0,1.0,22000.0,1.0,22100.0,1.0,22200.0,1.0,22300.0,1.0,22400.0,1.0,22500.0,1.0
000629.SZ,2020-08-27,09:35:22,21600.0,0.0,0.0,21500.0,1.0,21400.0,1.0,21300.0,1.0,21200.0,1,21100.0,1.0,21000.0,1.0,20900.0,1.0,20800.0,1.0,20700.0,0.17,20600.0,1.0,21600.0,1.0,21700.0,1.0,21800.0,1.0,21900.0,1.0,22000.0,1.0,22100.0,1.0,22200.0,1.0,22300.0,1.0,22400.0,1.0,22500.0,1.0
000629.SZ,2020-08-27,09:35:23,21600.0,1000.0,21600000.0,21500.0,1.0,21400.0,1.0,21300.0,1.0,21200.0,1,21100.0,1.0,21000.0,1.0,20900.0,1.0,20800.0,1.0,20700.0,0.17,20600.0,1.0,21600.0,1.0,21700.0,1.0,21800.0,1.0,21900.0,1.0,22000.0,1.0,22100.0,1.0,22200.0,1.0,22300.0,1.0,22400.0,1.0,22500.0,1.0
000629.SZ,2020-08-27,09:35:24,21600.0,0.0,0.0,21500.0,1.0,21400.0,1.0,21300.0,1.0,21200.0,1,21100.0,1.0,21000.0,1.0,20900.0,1.0,20800.0,1.0,20700.0,0.17,20600.0,1.0,21600.0,1.0,21700.0,1.0,21800.0,1.0,21900.0,1.0,22000.0,1.0,22100.0,1.0,22200.0,1.0,22300.0,1.0,22400.0,1.0,22500.0,1.0
000629.SZ,2020-08-27,09:35:25,21600.0,5100.0,109655100.0,21500.0,1.0,21400.0,1.0,21300.0,1.0,21200.0,1,21100.0,1.0,21000.0,1.0,20900.0,1.0,20800.0,1.0,20700.0,0.17,20600.0,1.0,21600.0,1.0,21700.0,1.0,21800.0,1.0,21900.0,1.0,22000.0,1.0,22100.0,1.0,22200.0,1.0,22300.0,1.0,22400.0,1.0,22500.0,1.0
000629.SZ,2020-08-27,09:35:26,21600.0,0.0,0.0,21500.0,1.0,21400.0,1.0,21300.0,1.0,21200.0,1,21100.0,1.0,21000.0,1.0,20900.0,1.0,20800.0,1.0,20700.0,0.17,20600.0,1.0,21600.0,1.0,21700.0,1.0,21800.0,1.0,21900.0,1.0,22000.0,1.0,22100.0,1.0,22200.0,1.0,22300.0,1.0,22400.0,1.0,22500.0,1.0
000629.SZ,2020-08-27,09:35:27,21600.0,360600.0,7799056800.0,21600.0,0.05,21500.0,1.0,21400.0,1.0,21300.0,1,21200.0,1.0,21100.0,1.0,21000.0,1.0,20900.0,1.0,20800.0,1.0,20700.0,0.17,21700.0,1.0,21800.0,1.0,21900.0,1.0,22000.0,1.0,22100.0,1.0,22200.0,1.0,22300.0,1.0,22400.0,1.0,22500.0,1.0,22600.0,1.0
000629.SZ,2020-08-27,09:35:28,21700.0,500.0,10800000.0,21600.0,0.13,21500.0,1.0,21400.0,1.0,21300.0,1,21200.0,1.0,21100.0,1.0,21000.0,1.0,20900.0,1.0,20800.0,1.0,20700.0,0.17,21700.0,1.0,21800.0,1.0,21900.0,1.0,22000.0,1.0,22100.0,1.0,22200.0,1.0,22300.0,1.0,22400.0,1.0,22500.0,1.0,22600.0,1.0
000629.SZ,2020-08-27,09:35:29,21600.0,13800.0,299460000.0,21600.0,0.13,21500.0,1.0,21400.0,1.0,21300.0,1,21200.0,1.0,21100.0,1.0,21000.0,1.0,20900.0,1.0,20800.0,1.0,20700.0,0.17,21700.0,1.0,21800.0,1.0,21900.0,1.0,22000.0,1.0,22100.0,1.0,22200.0,1.0,22300.0,1.0,22400.0,1.0,22500.0,1.0,22600.0,1.0
000629.SZ,2020-08-27,09:35:30,21700.0,16400.0,354240000.0,21600.0,0.17,21500.0,1.0,21400.0,1.0,21300.0,1,21200.0,1.0,21100.0,1.0,21000.0,1.0,20900.0,1.0,20800.0,1.0,20700.0,0.17,21700.0,1.0,21800.0,1.0,21900.0,1.0,22000.0,1.0,22100.0,1.0,22200.0,1.0,22300.0,1.0,22400.0,1.0,22500.0,1.0,22600.0,1.0
000629.SZ,2020-08-27,09:35:31,21600.0,0.0,0.0,21600.0,0.25,21500.0,1.0,21400.0,1.0,21300.0,1,21200.0,1.0,21100.0,1.0,21000.0,1.0,20900.0,1.0,20800.0,1.0,20700.0,0.17,21700.0,1.0,21800.0,1.0,21900.0,1.0,22000.0,1.0,22100.0,1.0,22200.0,1.0,22300.0,1.0,22400.0,1.0,22500.0,1.0,22600.0,1.0
000629.SZ,2020-08-27,09:35:32,21600.0,0.0,0.0,21600.0,0.25,21500.0,1.0,21400.0,1.0,21300.0,1,21200.0,1.0,21100.0,1.0,21000.0,1.0,20900.0,1.0,20800.0,1.0,20700.0,0.17,21700.0,1.0,21800.0,1.0,21900.0,1.0,22000.0,1.0,22100.0,1.0,22200.0,1.0,22300.0,1.0,22400.0,1.0,22500.0,1.0,22600.0,1.0
000629.SZ,2020-08-27,09:35:33,21600.0,2500.0,54250000.0,21600.0,0.37,21500.0,1.0,21400.0,1.0,21300.0,1,21200.0,1.0,21100.0,1.0,21000.0,1.0,20900.0,1.0,20800.0,1.0,20700.0,0.17,21700.0,1.0,21800.0,1.0,21900.0,1.0,22000.0,1.0,22100.0,1.0,22200.0,1.0,22300.0,1.0,22400.0,1.0,22500.0,1.0,22600.0,1.0
000629.SZ,2020-08-27,09:35:34,21700.0,0.0,0.0,21600.0,0.37,21500.0,1.0,21400.0,1.0,21300.0,1,21200.0,1.0,21100.0,1.0,21000.0,1.0,20900.0,1.0,20800.0,1.0,20700.0,0.17,21700.0,1.0,21800.0,1.0,21900.0,1.0,22000.0,1.0,22100.0,1.0,22200.0,1.0,22300.0,1.0,22400.0,1.0,22500.0,1.0,22600.0,1.0
000629.SZ,2020-08-27,09:35:35,21700.0,0.0,0.0,21600.0,0.37,21500.0,1.0,21400.0,1.0,21300.0,1,21200.0,1.0,21100.0,1.0,21000.0,1.0,20900.0,1.0,20800.0,1.0,20700.0,0.17,21700.0,1.0,21800.0,1.0,21900.0,1.0,22000.0,1.0,22100.0,1.0,22200.0,1.0,22300.0,1.0,22400.0,1.0,22500.0,1.0,22600.0,1.0
000629.SZ,2020-08-27,09:35:36,21700.0,0.0,0.0,21600.0,0.37,21500.0,1.0,21400.0,1.0,21300.0,1,21200.0,1.0,21100.0,1.0,21000.0,1.0,20900.0,1.0,20800.0,1.0,20700.0,0.17,21700.0,1.0,21800.0,1.0,21900.0,1.0,22000.0,1.0,22100.0,1.0,22200.0,1.0,22300.0,1.0,22400.0,1.0,22500.0,1.0,22600.0,1.0
000629.SZ,2020-08-27,09:35:37,21700.0,0.0,0.0,21600.0,0.37,21500.0,1.0,21400.0,1.0,21300.0,1,21200.0,1.0,21100.0,1.0,21000.0,1.0,20900.0,1.0,20800.0,1.0,20700.0,0.17,21700.0,1.0,21800.0,1.0,21900.0,1.0,22000.0,1.0,22100.0,1.0,22200.0,1.0,22300.0,1.0,22400.0,1.0,22500.0,1.0,22600.0,1.0
000629.SZ,2020-08-27,09:35:38,21700.0,0.0,0.0,21600.0,0.37,21500.0,1.0,21400.0,1.0,21300.0,1,21200.0,1.0,21100.0,1.0,21000.0,1.0,20900.0,1.0,20800.0,1.0,20700.0,0.17,21700.0,1.0,21800.0,1.0,21900.0,1.0,22000.0,1.0,22100.0,1.0,22200.0,1.0,22300.0,1.0,22400.0,1.0,22500.0,1.0,22600.0,1.0
000629.SZ,2020-08-27,09:35:39,21700.0,1100.0,23870000.0,21600.0,0.37,21500.0,1.0,21400.0,1.0,21300.0,1,21200.0,1.0,21100.0,1.0,21000.0,1.0,20900.0,1.0,20800.0,1.0,20700.0,0.17,21700.0,1.0,21800.0,1.0,21900.0,1.0,22000.0,1.0,22100.0,1.0,22200.0,1.0,22300.0,1.0,22400.0,1.0,22500.0,1.0,22600.0,1.0
000629.SZ,2020-08-27,09:35:40,21700.0,0.0,0.0,21600.0,0.37,21500.0,1.0,21400.0,1.0,21300.0,1,21200.0,1.0,21100.0,1.0,21000.0,1.0,20900.0,1.0,20800.0,1.0,20700.0,0.17,21700.0,1.0,21800.0,1.0,21900.0,1.0,22000.0,1.0,22100.0,1.0,22200.0,1.0,22300.0,1.0,22400.0,1.0,22500.0,1.0,22600.0,1.0
000629.SZ,2020-08-27,09:35:41,21700.0,0.0,0.0,21600.0,0.39,21500.0,1.0,21400.0,1.0,21300.0,1,21200.0,1.0,21100.0,1.0,21000.0,1.0,20900.0,1.0,20800.0,1.0,20700.0,0.17,21700.0,1.0,21800.0,1.0,21900.0,1.0,22000.0,1.0,22100.0,1.0,22200.0,1.0,22300.0,1.0,22400.0,1.0,22500.0,1.0,22600.0,1.0
000629.SZ,2020-08-27,09:35:42,21700.0,0.0,0.0,21600.0,0.39,21500.0,1.0,21400.0,1.0,21300.0,1,21200.0,1.0,21100.0,1.0,21000.0,1.0,20900.0,1.0,20800.0,1.0,20700.0,0.17,21700.0,1.0,21800.0,1.0,21900.0,1.0,22000.0,1.0,22100.0,1.0,22200.0,1.0,22300.0,1.0,22400.0,1.0,22500.0,1.0,22600.0,1.0
000629.SZ,2020-08-27,09:35:43,21700.0,22300.0,481680000.0,21500.0,1.0,21400.0,1.0,21300.0,1.0,21200.0,1,21100.0,1.0,21000.0,1.0,20900.0,1.0,20800.0,1.0,20700.0,0.17,20600.0,1.0,21600.0,0.57,21700.0,1.0,21800.0,1.0,21900.0,1.0,22000.0,1.0,22100.0,1.0,22200.0,1.0,22300.0,1.0,22400.0,1.0,22500.0,1.0
000629.SZ,2020-08-27,09:35:44,21600.0,0.0,0.0,21500.0,1.0,21400.0,1.0,21300.0,1.0,21200.0,1,21100.0,1.0,21000.0,1.0,20900.0,1.0,20800.0,1.0,20700.0,0.17,20600.0,1.0,21600.0,0.57,21700.0,1.0,21800.0,1.0,21900.0,1.0,22000.0,1.0,22100.0,1.0,22200.0,1.0,22300.0,1.0,22400.0,1.0,22500.0,1.0
