StockCode,DataDate,UpdateTime,LastPrice,Volume,turnover,BidPrice1,BidVolume1,BidPrice2,BidVolume2,BidPrice3,BidVolume3,BidPrice4,BidVolume4,BidPrice5,BidVolume5,BidPrice6,BidVolume6,BidPrice7,BidVolume7,BidPrice8,BidVolume8,BidPrice9,BidVolume9,BidPrice10,BidVolume10,AskPrice1,AskVolume1,AskPrice2,AskVolume2,AskPrice3,AskVolume3,AskPrice4,AskVolume4,AskPrice5,AskVolume5,AskPrice6,AskVolume6,AskPrice7,AskVolume7,AskPrice8,AskVolume8,AskPrice9,AskVolume9,AskPrice10,AskVolume10
000629.SZ,2020-08-06,09:30:01,22800.0,1.0,22805.0,22800.0,1.0,22700.0,1.0,22600.0,1.0,22500.0,1,22400.0,1.0,22300.0,1.0,22200.0,1.0,22100.0,1.0,22000.0,1.0,21900.0,0.07,22900.0,1.0,23000.0,1.0,23100.0,1.0,23200.0,1.0,23300.0,1.0,23400.0,1.0,23500.0,1.0,23600.0,1.0,23700.0,1.0,23800.0,1.0
000629.SZ,2020-08-06,09:30:02,22800.0,1.0,22885.0,22900.0,1.0,22800.0,1.0,22700.0,1.0,22600.0,1,22500.0,1.0,22400.0,1.0,22300.0,1.0,22200.0,1.0,22100.0,1.0,22000.0,1.0,23000.0,1.0,23100.0,1.0,23200.0,1.0,23300.0,1.0,23400.0,1.0,23500.0,1.0,23600.0,1.0,23700.0,1.0,23800.0,1.0,23900.0,1.0
000629.SZ,2020-08-06,09:30:03,22900.0,0.0,0.0,22900.0,1.0,22800.0,1.0,22700.0,1.0,22600.0,1,22500.0,1.0,22400.0,1.0,22300.0,1.0,22200.0,1.0,22100.0,1.0,22000.0,1.0,23000.0,1.0,23100.0,1.0,23200.0,1.0,23300.0,1.0,23400.0,1.0,23500.0,1.0,23600.0,1.0,23700.0,1.0,23800.0,1.0,23900.0,1.0
000629.SZ,2020-08-06,09:30:04,22900.0,0.0,0.0,22900.0,1.0,22800.0,1.0,22700.0,1.0,22600.0,1,22500.0,1.0,22400.0,1.0,22300.0,1.0,22200.0,1.0,22100.0,1.0,22000.0,1.0,23000.0,1.0,23100.0,1.0,23200.0,1.0,23300.0,1.0,23400.0,1.0,23500.0,1.0,23600.0,1.0,23700.0,1.0,23800.0,1.0,23900.0,1.0
000629.SZ,2020-08-06,09:30:05,22900.0,0.0,0.0,22900.0,1.0,22800.0,1.0,22700.0,1.0,22600.0,1,22500.0,1.0,22400.0,1.0,22300.0,1.0,22200.0,1.0,22100.0,1.0,22000.0,1.0,23000.0,1.0,23100.0,1.0,23200.0,1.0,23300.0,1.0,23400.0,1.0,23500.0,1.0,23600.0,1.0,23700.0,1.0,23800.0,1.0,23900.0,1.0
000629.SZ,2020-08-06,09:30:06,22900.0,0.0,0.0,22900.0,1.0,22800.0,1.0,22700.0,1.0,22600.0,1,22500.0,1.0,22400.0,1.0,22300.0,1.0,22200.0,1.0,22100.0,1.0,22000.0,1.0,23000.0,1.0,23100.0,1.0,23200.0,1.0,23300.0,1.0,23400.0,1.0,23500.0,1.0,23600.0,1.0,23700.0,1.0,23800.0,1.0,23900.0,1.0
000629.SZ,2020-08-06,09:30:07,22900.0,0.0,0.0,22900.0,1.0,22800.0,1.0,22700.0,1.0,22600.0,1,22500.0,1.0,22400.0,1.0,22300.0,1.0,22200.0,1.0,22100.0,1.0,22000.0,1.0,23000.0,1.0,23100.0,1.0,23200.0,1.0,23300.0,1.0,23400.0,1.0,23500.0,1.0,23600.0,1.0,23700.0,1.0,23800.0,1.0,23900.0,1.0
000629.SZ,2020-08-06,09:30:08,22900.0,0.0,0.0,22900.0,1.0,22800.0,1.0,22700.0,1.0,22600.0,1,22500.0,1.0,22400.0,1.0,22300.0,1.0,22200.0,1.0,22100.0,1.0,22000.0,1.0,23000.0,1.0,23100.0,1.0,23200.0,1.0,23300.0,1.0,23400.0,1.0,23500.0,1.0,23600.0,1.0,23700.0,1.0,23800.0,1.0,23900.0,1.0
000629.SZ,2020-08-06,09:30:09,22900.0,0.0,0.0,22900.0,1.0,22800.0,1.0,22700.0,1.0,22600.0,1,22500.0,1.0,22400.0,1.0,22300.0,1.0,22200.0,1.0,22100.0,1.0,22000.0,1.0,23000.0,1.0,23100.0,1.0,23200.0,1.0,23300.0,1.0,23400.0,1.0,23500.0,1.0,23600.0,1.0,23700.0,1.0,23800.0,1.0,23900.0,1.0
000629.SZ,2020-08-06,09:30:10,22900.0,0.0,0.0,22900.0,1.0,22800.0,1.0,22700.0,1.0,22600.0,1,22500.0,1.0,22400.0,1.0,22300.0,1.0,22200.0,1.0,22100.0,1.0,22000.0,1.0,23000.0,1.0,23100.0,1.0,23200.0,1.0,23300.0,1.0,23400.0,1.0,23500.0,1.0,23600.0,1.0,23700.0,1.0,23800.0,1.0,23900.0,1.0
000629.SZ,2020-08-06,09:30:11,22900.0,0.0,0.0,22900.0,1.0,22800.0,1.0,22700.0,1.0,22600.0,1,22500.0,1.0,22400.0,1.0,22300.0,1.0,22200.0,1.0,22100.0,1.0,22000.0,1.0,23000.0,1.0,23100.0,1.0,23200.0,1.0,23300.0,1.0,23400.0,1.0,23500.0,1.0,23600.0,1.0,23700.0,1.0,23800.0,1.0,23900.0,1.0
000629.SZ,2020-08-06,09:30:12,22900.0,0.001360544217687,31.15646258503401,22900.0,1.0,22800.0,1.0,22700.0,1.0,22600.0,1,22500.0,1.0,22400.0,1.0,22300.0,1.0,22200.0,1.0,22100.0,1.0,22000.0,1.0,23000.0,1.0,23100.0,1.0,23200.0,1.0,23300.0,1.0,23400.0,1.0,23500.0,1.0,23600.0,1.0,23700.0,1.0,23800.0,1.0,23900.0,1.0
000629.SZ,2020-08-06,09:30:13,22900.0,0.0176870748299319,405.0340136054422,22900.0,1.0,22800.0,1.0,22700.0,1.0,22600.0,1,22500.0,1.0,22400.0,1.0,22300.0,1.0,22200.0,1.0,22100.0,1.0,22000.0,1.0,23000.0,1.0,23100.0,1.0,23200.0,1.0,23300.0,1.0,23400.0,1.0,23500.0,1.0,23600.0,1.0,23700.0,1.0,23800.0,1.0,23900.0,1.0
000629.SZ,2020-08-06,09:30:14,22900.0,0.2598639455782313,5950.884353741496,22900.0,1.0,22800.0,1.0,22700.0,1.0,22600.0,1,22500.0,1.0,22400.0,1.0,22300.0,1.0,22200.0,1.0,22100.0,1.0,22000.0,1.0,23000.0,1.0,23100.0,1.0,23200.0,1.0,23300.0,1.0,23400.0,1.0,23500.0,1.0,23600.0,1.0,23700.0,1.0,23800.0,1.0,23900.0,1.0
000629.SZ,2020-08-06,09:30:15,22900.0,0.0027210884353741,62.31292517006802,22900.0,1.0,22800.0,1.0,22700.0,1.0,22600.0,1,22500.0,1.0,22400.0,1.0,22300.0,1.0,22200.0,1.0,22100.0,1.0,22000.0,1.0,23000.0,1.0,23100.0,1.0,23200.0,1.0,23300.0,1.0,23400.0,1.0,23500.0,1.0,23600.0,1.0,23700.0,1.0,23800.0,1.0,23900.0,1.0
000629.SZ,2020-08-06,09:30:16,22900.0,0.0122448979591836,280.4081632653061,22900.0,1.0,22800.0,1.0,22700.0,1.0,22600.0,1,22500.0,1.0,22400.0,1.0,22300.0,1.0,22200.0,1.0,22100.0,1.0,22000.0,1.0,23000.0,1.0,23100.0,1.0,23200.0,1.0,23300.0,1.0,23400.0,1.0,23500.0,1.0,23600.0,1.0,23700.0,1.0,23800.0,1.0,23900.0,1.0
000629.SZ,2020-08-06,09:30:17,22900.0,1.0,22900.0,22900.0,1.0,22800.0,1.0,22700.0,1.0,22600.0,1,22500.0,1.0,22400.0,1.0,22300.0,1.0,22200.0,1.0,22100.0,1.0,22000.0,1.0,23000.0,1.0,23100.0,1.0,23200.0,1.0,23300.0,1.0,23400.0,1.0,23500.0,1.0,23600.0,1.0,23700.0,1.0,23800.0,1.0,23900.0,1.0
000629.SZ,2020-08-06,09:30:18,22900.0,0.8498503401360544,19461.57278911565,22900.0,1.0,22800.0,1.0,22700.0,1.0,22600.0,1,22500.0,1.0,22400.0,1.0,22300.0,1.0,22200.0,1.0,22100.0,1.0,22000.0,1.0,23000.0,1.0,23100.0,1.0,23200.0,1.0,23300.0,1.0,23400.0,1.0,23500.0,1.0,23600.0,1.0,23700.0,1.0,23800.0,1.0,23900.0,1.0
000629.SZ,2020-08-06,09:30:19,22900.0,0.0530612244897959,1215.1020408163265,22900.0,1.0,22800.0,1.0,22700.0,1.0,22600.0,1,22500.0,1.0,22400.0,1.0,22300.0,1.0,22200.0,1.0,22100.0,1.0,22000.0,1.0,23000.0,1.0,23100.0,1.0,23200.0,1.0,23300.0,1.0,23400.0,1.0,23500.0,1.0,23600.0,1.0,23700.0,1.0,23800.0,1.0,23900.0,1.0
000629.SZ,2020-08-06,09:30:20,22900.0,0.092517006802721,2118.639455782313,22900.0,1.0,22800.0,1.0,22700.0,1.0,22600.0,1,22500.0,1.0,22400.0,1.0,22300.0,1.0,22200.0,1.0,22100.0,1.0,22000.0,1.0,23000.0,1.0,23100.0,1.0,23200.0,1.0,23300.0,1.0,23400.0,1.0,23500.0,1.0,23600.0,1.0,23700.0,1.0,23800.0,1.0,23900.0,1.0
000629.SZ,2020-08-06,09:30:21,22900.0,0.0054421768707482,124.62585034013604,22900.0,1.0,22800.0,1.0,22700.0,1.0,22600.0,1,22500.0,1.0,22400.0,1.0,22300.0,1.0,22200.0,1.0,22100.0,1.0,22000.0,1.0,23000.0,1.0,23100.0,1.0,23200.0,1.0,23300.0,1.0,23400.0,1.0,23500.0,1.0,23600.0,1.0,23700.0,1.0,23800.0,1.0,23900.0,1.0
000629.SZ,2020-08-06,09:30:22,22900.0,0.0,0.0,22900.0,1.0,22800.0,1.0,22700.0,1.0,22600.0,1,22500.0,1.0,22400.0,1.0,22300.0,1.0,22200.0,1.0,22100.0,1.0,22000.0,1.0,23000.0,1.0,23100.0,1.0,23200.0,1.0,23300.0,1.0,23400.0,1.0,23500.0,1.0,23600.0,1.0,23700.0,1.0,23800.0,1.0,23900.0,1.0
000629.SZ,2020-08-06,09:30:23,22900.0,0.0095238095238095,218.0952380952381,22900.0,1.0,22800.0,1.0,22700.0,1.0,22600.0,1,22500.0,1.0,22400.0,1.0,22300.0,1.0,22200.0,1.0,22100.0,1.0,22000.0,1.0,23000.0,1.0,23100.0,1.0,23200.0,1.0,23300.0,1.0,23400.0,1.0,23500.0,1.0,23600.0,1.0,23700.0,1.0,23800.0,1.0,23900.0,1.0
000629.SZ,2020-08-06,09:30:24,22900.0,0.0,0.0,22900.0,1.0,22800.0,1.0,22700.0,1.0,22600.0,1,22500.0,1.0,22400.0,1.0,22300.0,1.0,22200.0,1.0,22100.0,1.0,22000.0,1.0,23000.0,1.0,23100.0,1.0,23200.0,1.0,23300.0,1.0,23400.0,1.0,23500.0,1.0,23600.0,1.0,23700.0,1.0,23800.0,1.0,23900.0,1.0
000629.SZ,2020-08-06,09:30:25,22900.0,0.0,0.0,22900.0,1.0,22800.0,1.0,22700.0,1.0,22600.0,1,22500.0,1.0,22400.0,1.0,22300.0,1.0,22200.0,1.0,22100.0,1.0,22000.0,1.0,23000.0,1.0,23100.0,1.0,23200.0,1.0,23300.0,1.0,23400.0,1.0,23500.0,1.0,23600.0,1.0,23700.0,1.0,23800.0,1.0,23900.0,1.0
000629.SZ,2020-08-06,09:30:26,22900.0,0.0680272108843537,1564.625850340136,22900.0,1.0,22800.0,1.0,22700.0,1.0,22600.0,1,22500.0,1.0,22400.0,1.0,22300.0,1.0,22200.0,1.0,22100.0,1.0,22000.0,1.0,23000.0,1.0,23100.0,1.0,23200.0,1.0,23300.0,1.0,23400.0,1.0,23500.0,1.0,23600.0,1.0,23700.0,1.0,23800.0,1.0,23900.0,1.0
000629.SZ,2020-08-06,09:30:27,23000.0,0.996408163265306,22809.775673469387,22800.0,1.0,22700.0,1.0,22600.0,1.0,22500.0,1,22400.0,1.0,22300.0,1.0,22200.0,1.0,22100.0,1.0,22000.0,1.0,21900.0,0.07,22900.0,0.65,23000.0,1.0,23100.0,1.0,23200.0,1.0,23300.0,1.0,23400.0,1.0,23500.0,1.0,23600.0,1.0,23700.0,1.0,23800.0,1.0
000629.SZ,2020-08-06,09:30:28,22800.0,0.1673469387755102,3832.244897959184,22800.0,1.0,22700.0,1.0,22600.0,1.0,22500.0,1,22400.0,1.0,22300.0,1.0,22200.0,1.0,22100.0,1.0,22000.0,1.0,21900.0,0.07,22900.0,0.54,23000.0,1.0,23100.0,1.0,23200.0,1.0,23300.0,1.0,23400.0,1.0,23500.0,1.0,23600.0,1.0,23700.0,1.0,23800.0,1.0
000629.SZ,2020-08-06,09:30:29,22900.0,0.0816326530612244,1869.3877551020407,22800.0,1.0,22700.0,1.0,22600.0,1.0,22500.0,1,22400.0,1.0,22300.0,1.0,22200.0,1.0,22100.0,1.0,22000.0,1.0,21900.0,0.07,22900.0,0.5,23000.0,1.0,23100.0,1.0,23200.0,1.0,23300.0,1.0,23400.0,1.0,23500.0,1.0,23600.0,1.0,23700.0,1.0,23800.0,1.0
000629.SZ,2020-08-06,09:30:30,22900.0,0.0,0.0,22800.0,1.0,22700.0,1.0,22600.0,1.0,22500.0,1,22400.0,1.0,22300.0,1.0,22200.0,1.0,22100.0,1.0,22000.0,1.0,21900.0,0.07,22900.0,0.5,23000.0,1.0,23100.0,1.0,23200.0,1.0,23300.0,1.0,23400.0,1.0,23500.0,1.0,23600.0,1.0,23700.0,1.0,23800.0,1.0
000629.SZ,2020-08-06,09:30:31,22900.0,0.1959183673469387,4486.530612244897,22800.0,1.0,22700.0,1.0,22600.0,1.0,22500.0,1,22400.0,1.0,22300.0,1.0,22200.0,1.0,22100.0,1.0,22000.0,1.0,21900.0,0.07,22900.0,0.41,23000.0,1.0,23100.0,1.0,23200.0,1.0,23300.0,1.0,23400.0,1.0,23500.0,1.0,23600.0,1.0,23700.0,1.0,23800.0,1.0
000629.SZ,2020-08-06,09:30:32,22900.0,0.2952380952380952,6760.952380952381,22800.0,1.0,22700.0,1.0,22600.0,1.0,22500.0,1,22400.0,1.0,22300.0,1.0,22200.0,1.0,22100.0,1.0,22000.0,1.0,21900.0,0.07,22900.0,0.21,23000.0,1.0,23100.0,1.0,23200.0,1.0,23300.0,1.0,23400.0,1.0,23500.0,1.0,23600.0,1.0,23700.0,1.0,23800.0,1.0
000629.SZ,2020-08-06,09:30:33,22900.0,0.0258503401360544,589.3877551020408,22800.0,1.0,22700.0,1.0,22600.0,1.0,22500.0,1,22400.0,1.0,22300.0,1.0,22200.0,1.0,22100.0,1.0,22000.0,1.0,21900.0,0.07,22900.0,0.21,23000.0,1.0,23100.0,1.0,23200.0,1.0,23300.0,1.0,23400.0,1.0,23500.0,1.0,23600.0,1.0,23700.0,1.0,23800.0,1.0
000629.SZ,2020-08-06,09:30:34,22800.0,0.0040816326530612,93.46938775510203,22800.0,1.0,22700.0,1.0,22600.0,1.0,22500.0,1,22400.0,1.0,22300.0,1.0,22200.0,1.0,22100.0,1.0,22000.0,1.0,21900.0,0.07,22900.0,0.3,23000.0,1.0,23100.0,1.0,23200.0,1.0,23300.0,1.0,23400.0,1.0,23500.0,1.0,23600.0,1.0,23700.0,1.0,23800.0,1.0
000629.SZ,2020-08-06,09:30:35,22900.0,0.3129251700680272,7165.986394557824,22800.0,1.0,22700.0,1.0,22600.0,1.0,22500.0,1,22400.0,1.0,22300.0,1.0,22200.0,1.0,22100.0,1.0,22000.0,1.0,21900.0,0.07,22900.0,0.09,23000.0,1.0,23100.0,1.0,23200.0,1.0,23300.0,1.0,23400.0,1.0,23500.0,1.0,23600.0,1.0,23700.0,1.0,23800.0,1.0
000629.SZ,2020-08-06,09:30:36,22900.0,0.0653061224489796,1495.5102040816328,22800.0,1.0,22700.0,1.0,22600.0,1.0,22500.0,1,22400.0,1.0,22300.0,1.0,22200.0,1.0,22100.0,1.0,22000.0,1.0,21900.0,0.07,22900.0,0.04,23000.0,1.0,23100.0,1.0,23200.0,1.0,23300.0,1.0,23400.0,1.0,23500.0,1.0,23600.0,1.0,23700.0,1.0,23800.0,1.0
000629.SZ,2020-08-06,09:30:37,22900.0,0.0027210884353741,62.31292517006802,22800.0,1.0,22700.0,1.0,22600.0,1.0,22500.0,1,22400.0,1.0,22300.0,1.0,22200.0,1.0,22100.0,1.0,22000.0,1.0,21900.0,0.07,22900.0,0.51,23000.0,1.0,23100.0,1.0,23200.0,1.0,23300.0,1.0,23400.0,1.0,23500.0,1.0,23600.0,1.0,23700.0,1.0,23800.0,1.0
000629.SZ,2020-08-06,09:30:38,22900.0,0.0,0.0,22800.0,1.0,22700.0,1.0,22600.0,1.0,22500.0,1,22400.0,1.0,22300.0,1.0,22200.0,1.0,22100.0,1.0,22000.0,1.0,21900.0,0.07,22900.0,0.51,23000.0,1.0,23100.0,1.0,23200.0,1.0,23300.0,1.0,23400.0,1.0,23500.0,1.0,23600.0,1.0,23700.0,1.0,23800.0,1.0
000629.SZ,2020-08-06,09:30:39,22900.0,0.0027210884353741,62.31292517006802,22800.0,1.0,22700.0,1.0,22600.0,1.0,22500.0,1,22400.0,1.0,22300.0,1.0,22200.0,1.0,22100.0,1.0,22000.0,1.0,21900.0,0.07,22900.0,0.69,23000.0,1.0,23100.0,1.0,23200.0,1.0,23300.0,1.0,23400.0,1.0,23500.0,1.0,23600.0,1.0,23700.0,1.0,23800.0,1.0
000629.SZ,2020-08-06,09:30:40,22900.0,0.0040816326530612,93.46938775510203,22800.0,1.0,22700.0,1.0,22600.0,1.0,22500.0,1,22400.0,1.0,22300.0,1.0,22200.0,1.0,22100.0,1.0,22000.0,1.0,21900.0,0.07,22900.0,0.69,23000.0,1.0,23100.0,1.0,23200.0,1.0,23300.0,1.0,23400.0,1.0,23500.0,1.0,23600.0,1.0,23700.0,1.0,23800.0,1.0
000629.SZ,2020-08-06,09:30:41,22900.0,0.0122448979591836,279.1836734693877,22800.0,1.0,22700.0,1.0,22600.0,1.0,22500.0,1,22400.0,1.0,22300.0,1.0,22200.0,1.0,22100.0,1.0,22000.0,1.0,21900.0,0.07,22900.0,0.91,23000.0,1.0,23100.0,1.0,23200.0,1.0,23300.0,1.0,23400.0,1.0,23500.0,1.0,23600.0,1.0,23700.0,1.0,23800.0,1.0
000629.SZ,2020-08-06,09:30:42,22800.0,0.5142857142857142,11777.142857142857,22800.0,1.0,22700.0,1.0,22600.0,1.0,22500.0,1,22400.0,1.0,22300.0,1.0,22200.0,1.0,22100.0,1.0,22000.0,1.0,21900.0,0.07,22900.0,0.56,23000.0,1.0,23100.0,1.0,23200.0,1.0,23300.0,1.0,23400.0,1.0,23500.0,1.0,23600.0,1.0,23700.0,1.0,23800.0,1.0
000629.SZ,2020-08-06,09:30:43,22900.0,0.2095238095238095,4791.1809523809525,22800.0,1.0,22700.0,1.0,22600.0,1.0,22500.0,1,22400.0,1.0,22300.0,1.0,22200.0,1.0,22100.0,1.0,22000.0,1.0,21900.0,0.07,22900.0,0.47,23000.0,1.0,23100.0,1.0,23200.0,1.0,23300.0,1.0,23400.0,1.0,23500.0,1.0,23600.0,1.0,23700.0,1.0,23800.0,1.0
000629.SZ,2020-08-06,09:30:44,22900.0,0.0,0.0,22800.0,1.0,22700.0,1.0,22600.0,1.0,22500.0,1,22400.0,1.0,22300.0,1.0,22200.0,1.0,22100.0,1.0,22000.0,1.0,21900.0,0.07,22900.0,0.47,23000.0,1.0,23100.0,1.0,23200.0,1.0,23300.0,1.0,23400.0,1.0,23500.0,1.0,23600.0,1.0,23700.0,1.0,23800.0,1.0
000629.SZ,2020-08-06,09:30:45,22900.0,0.0,0.0,22800.0,1.0,22700.0,1.0,22600.0,1.0,22500.0,1,22400.0,1.0,22300.0,1.0,22200.0,1.0,22100.0,1.0,22000.0,1.0,21900.0,0.07,22900.0,0.47,23000.0,1.0,23100.0,1.0,23200.0,1.0,23300.0,1.0,23400.0,1.0,23500.0,1.0,23600.0,1.0,23700.0,1.0,23800.0,1.0
000629.SZ,2020-08-06,09:30:46,22900.0,0.4258503401360544,9751.972789115647,22800.0,1.0,22700.0,1.0,22600.0,1.0,22500.0,1,22400.0,1.0,22300.0,1.0,22200.0,1.0,22100.0,1.0,22000.0,1.0,21900.0,0.07,22900.0,0.18,23000.0,1.0,23100.0,1.0,23200.0,1.0,23300.0,1.0,23400.0,1.0,23500.0,1.0,23600.0,1.0,23700.0,1.0,23800.0,1.0
000629.SZ,2020-08-06,09:30:47,22900.0,0.0027210884353741,62.31292517006802,22800.0,1.0,22700.0,1.0,22600.0,1.0,22500.0,1,22400.0,1.0,22300.0,1.0,22200.0,1.0,22100.0,1.0,22000.0,1.0,21900.0,0.07,22900.0,0.18,23000.0,1.0,23100.0,1.0,23200.0,1.0,23300.0,1.0,23400.0,1.0,23500.0,1.0,23600.0,1.0,23700.0,1.0,23800.0,1.0
000629.SZ,2020-08-06,09:30:48,22900.0,0.1346938775510204,3084.489795918368,22800.0,1.0,22700.0,1.0,22600.0,1.0,22500.0,1,22400.0,1.0,22300.0,1.0,22200.0,1.0,22100.0,1.0,22000.0,1.0,21900.0,0.07,22900.0,0.09,23000.0,1.0,23100.0,1.0,23200.0,1.0,23300.0,1.0,23400.0,1.0,23500.0,1.0,23600.0,1.0,23700.0,1.0,23800.0,1.0
000629.SZ,2020-08-06,09:30:49,22900.0,0.132843537414966,3042.1170068027213,22900.0,0.09,22800.0,1.0,22700.0,1.0,22600.0,1,22500.0,1.0,22400.0,1.0,22300.0,1.0,22200.0,1.0,22100.0,1.0,22000.0,1.0,23000.0,1.0,23100.0,1.0,23200.0,1.0,23300.0,1.0,23400.0,1.0,23500.0,1.0,23600.0,1.0,23700.0,1.0,23800.0,1.0,23900.0,1.0
000629.SZ,2020-08-06,09:30:50,22900.0,0.001360544217687,31.15646258503401,22900.0,0.09,22800.0,1.0,22700.0,1.0,22600.0,1,22500.0,1.0,22400.0,1.0,22300.0,1.0,22200.0,1.0,22100.0,1.0,22000.0,1.0,23000.0,1.0,23100.0,1.0,23200.0,1.0,23300.0,1.0,23400.0,1.0,23500.0,1.0,23600.0,1.0,23700.0,1.0,23800.0,1.0,23900.0,1.0
000629.SZ,2020-08-06,09:30:51,22900.0,0.0081632653061224,186.9387755102041,22900.0,0.36,22800.0,1.0,22700.0,1.0,22600.0,1,22500.0,1.0,22400.0,1.0,22300.0,1.0,22200.0,1.0,22100.0,1.0,22000.0,1.0,23000.0,1.0,23100.0,1.0,23200.0,1.0,23300.0,1.0,23400.0,1.0,23500.0,1.0,23600.0,1.0,23700.0,1.0,23800.0,1.0,23900.0,1.0
000629.SZ,2020-08-06,09:30:52,22900.0,0.5324625850340136,12193.39319727891,22800.0,1.0,22700.0,1.0,22600.0,1.0,22500.0,1,22400.0,1.0,22300.0,1.0,22200.0,1.0,22100.0,1.0,22000.0,1.0,21900.0,0.07,22900.0,0.57,23000.0,1.0,23100.0,1.0,23200.0,1.0,23300.0,1.0,23400.0,1.0,23500.0,1.0,23600.0,1.0,23700.0,1.0,23800.0,1.0
000629.SZ,2020-08-06,09:30:53,22900.0,0.436734693877551,10001.22448979592,22800.0,1.0,22700.0,1.0,22600.0,1.0,22500.0,1,22400.0,1.0,22300.0,1.0,22200.0,1.0,22100.0,1.0,22000.0,1.0,21900.0,0.07,22900.0,0.27,23000.0,1.0,23100.0,1.0,23200.0,1.0,23300.0,1.0,23400.0,1.0,23500.0,1.0,23600.0,1.0,23700.0,1.0,23800.0,1.0
000629.SZ,2020-08-06,09:30:54,22900.0,0.2299319727891156,5265.442176870748,22800.0,1.0,22700.0,1.0,22600.0,1.0,22500.0,1,22400.0,1.0,22300.0,1.0,22200.0,1.0,22100.0,1.0,22000.0,1.0,21900.0,0.07,22900.0,0.12,23000.0,1.0,23100.0,1.0,23200.0,1.0,23300.0,1.0,23400.0,1.0,23500.0,1.0,23600.0,1.0,23700.0,1.0,23800.0,1.0
000629.SZ,2020-08-06,09:30:55,22900.0,0.0,0.0,22800.0,1.0,22700.0,1.0,22600.0,1.0,22500.0,1,22400.0,1.0,22300.0,1.0,22200.0,1.0,22100.0,1.0,22000.0,1.0,21900.0,0.07,22900.0,0.18,23000.0,1.0,23100.0,1.0,23200.0,1.0,23300.0,1.0,23400.0,1.0,23500.0,1.0,23600.0,1.0,23700.0,1.0,23800.0,1.0
000629.SZ,2020-08-06,09:30:56,22900.0,0.1673469387755102,3832.244897959184,22800.0,1.0,22700.0,1.0,22600.0,1.0,22500.0,1,22400.0,1.0,22300.0,1.0,22200.0,1.0,22100.0,1.0,22000.0,1.0,21900.0,0.07,22900.0,0.07,23000.0,1.0,23100.0,1.0,23200.0,1.0,23300.0,1.0,23400.0,1.0,23500.0,1.0,23600.0,1.0,23700.0,1.0,23800.0,1.0
000629.SZ,2020-08-06,09:30:57,22900.0,0.1001904761904761,2294.361904761905,22900.0,0.0,22800.0,1.0,22700.0,1.0,22600.0,1,22500.0,1.0,22400.0,1.0,22300.0,1.0,22200.0,1.0,22100.0,1.0,22000.0,1.0,23000.0,1.0,23100.0,1.0,23200.0,1.0,23300.0,1.0,23400.0,1.0,23500.0,1.0,23600.0,1.0,23700.0,1.0,23800.0,1.0,23900.0,1.0
000629.SZ,2020-08-06,09:30:58,22900.0,0.0,0.0,22900.0,0.02,22800.0,1.0,22700.0,1.0,22600.0,1,22500.0,1.0,22400.0,1.0,22300.0,1.0,22200.0,1.0,22100.0,1.0,22000.0,1.0,23000.0,1.0,23100.0,1.0,23200.0,1.0,23300.0,1.0,23400.0,1.0,23500.0,1.0,23600.0,1.0,23700.0,1.0,23800.0,1.0,23900.0,1.0
000629.SZ,2020-08-06,09:30:59,22900.0,0.0068027210884353,156.4625850340136,22900.0,0.04,22800.0,1.0,22700.0,1.0,22600.0,1,22500.0,1.0,22400.0,1.0,22300.0,1.0,22200.0,1.0,22100.0,1.0,22000.0,1.0,23000.0,1.0,23100.0,1.0,23200.0,1.0,23300.0,1.0,23400.0,1.0,23500.0,1.0,23600.0,1.0,23700.0,1.0,23800.0,1.0,23900.0,1.0
000629.SZ,2020-08-06,09:31:00,23000.0,0.0,0.0,22900.0,0.04,22800.0,1.0,22700.0,1.0,22600.0,1,22500.0,1.0,22400.0,1.0,22300.0,1.0,22200.0,1.0,22100.0,1.0,22000.0,1.0,23000.0,1.0,23100.0,1.0,23200.0,1.0,23300.0,1.0,23400.0,1.0,23500.0,1.0,23600.0,1.0,23700.0,1.0,23800.0,1.0,23900.0,1.0
000629.SZ,2020-08-06,09:31:01,23000.0,0.0952380952380952,2188.9523809523807,22900.0,0.1,22800.0,1.0,22700.0,1.0,22600.0,1,22500.0,1.0,22400.0,1.0,22300.0,1.0,22200.0,1.0,22100.0,1.0,22000.0,1.0,23000.0,1.0,23100.0,1.0,23200.0,1.0,23300.0,1.0,23400.0,1.0,23500.0,1.0,23600.0,1.0,23700.0,1.0,23800.0,1.0,23900.0,1.0
000629.SZ,2020-08-06,09:31:02,22900.0,0.4603537414965986,10573.404734693877,22800.0,1.0,22700.0,1.0,22600.0,1.0,22500.0,1,22400.0,1.0,22300.0,1.0,22200.0,1.0,22100.0,1.0,22000.0,1.0,21900.0,0.07,22900.0,0.19,23000.0,1.0,23100.0,1.0,23200.0,1.0,23300.0,1.0,23400.0,1.0,23500.0,1.0,23600.0,1.0,23700.0,1.0,23800.0,1.0
000629.SZ,2020-08-06,09:31:03,22900.0,0.1061224489795918,2430.204081632653,22800.0,1.0,22700.0,1.0,22600.0,1.0,22500.0,1,22400.0,1.0,22300.0,1.0,22200.0,1.0,22100.0,1.0,22000.0,1.0,21900.0,0.07,22900.0,0.12,23000.0,1.0,23100.0,1.0,23200.0,1.0,23300.0,1.0,23400.0,1.0,23500.0,1.0,23600.0,1.0,23700.0,1.0,23800.0,1.0
000629.SZ,2020-08-06,09:31:04,22900.0,0.2702585034013605,6188.919727891156,22900.0,0.78,22800.0,1.0,22700.0,1.0,22600.0,1,22500.0,1.0,22400.0,1.0,22300.0,1.0,22200.0,1.0,22100.0,1.0,22000.0,1.0,23000.0,1.0,23100.0,1.0,23200.0,1.0,23300.0,1.0,23400.0,1.0,23500.0,1.0,23600.0,1.0,23700.0,1.0,23800.0,1.0,23900.0,1.0
000629.SZ,2020-08-06,09:31:05,22900.0,0.0,0.0,22900.0,0.78,22800.0,1.0,22700.0,1.0,22600.0,1,22500.0,1.0,22400.0,1.0,22300.0,1.0,22200.0,1.0,22100.0,1.0,22000.0,1.0,23000.0,1.0,23100.0,1.0,23200.0,1.0,23300.0,1.0,23400.0,1.0,23500.0,1.0,23600.0,1.0,23700.0,1.0,23800.0,1.0,23900.0,1.0
000629.SZ,2020-08-06,09:31:06,22900.0,0.0,0.0,22900.0,0.78,22800.0,1.0,22700.0,1.0,22600.0,1,22500.0,1.0,22400.0,1.0,22300.0,1.0,22200.0,1.0,22100.0,1.0,22000.0,1.0,23000.0,1.0,23100.0,1.0,23200.0,1.0,23300.0,1.0,23400.0,1.0,23500.0,1.0,23600.0,1.0,23700.0,1.0,23800.0,1.0,23900.0,1.0
000629.SZ,2020-08-06,09:31:07,22900.0,0.0,0.0,22900.0,0.78,22800.0,1.0,22700.0,1.0,22600.0,1,22500.0,1.0,22400.0,1.0,22300.0,1.0,22200.0,1.0,22100.0,1.0,22000.0,1.0,23000.0,1.0,23100.0,1.0,23200.0,1.0,23300.0,1.0,23400.0,1.0,23500.0,1.0,23600.0,1.0,23700.0,1.0,23800.0,1.0,23900.0,1.0
000629.SZ,2020-08-06,09:31:08,22900.0,0.0,0.0,22900.0,0.78,22800.0,1.0,22700.0,1.0,22600.0,1,22500.0,1.0,22400.0,1.0,22300.0,1.0,22200.0,1.0,22100.0,1.0,22000.0,1.0,23000.0,1.0,23100.0,1.0,23200.0,1.0,23300.0,1.0,23400.0,1.0,23500.0,1.0,23600.0,1.0,23700.0,1.0,23800.0,1.0,23900.0,1.0
000629.SZ,2020-08-06,09:31:09,22900.0,0.0,0.0,22900.0,0.78,22800.0,1.0,22700.0,1.0,22600.0,1,22500.0,1.0,22400.0,1.0,22300.0,1.0,22200.0,1.0,22100.0,1.0,22000.0,1.0,23000.0,1.0,23100.0,1.0,23200.0,1.0,23300.0,1.0,23400.0,1.0,23500.0,1.0,23600.0,1.0,23700.0,1.0,23800.0,1.0,23900.0,1.0
000629.SZ,2020-08-06,09:31:10,22900.0,0.0122448979591836,280.4081632653061,22900.0,1.0,22800.0,1.0,22700.0,1.0,22600.0,1,22500.0,1.0,22400.0,1.0,22300.0,1.0,22200.0,1.0,22100.0,1.0,22000.0,1.0,23000.0,1.0,23100.0,1.0,23200.0,1.0,23300.0,1.0,23400.0,1.0,23500.0,1.0,23600.0,1.0,23700.0,1.0,23800.0,1.0,23900.0,1.0
000629.SZ,2020-08-06,09:31:11,22900.0,0.4081632653061224,9387.755102040815,22900.0,1.0,22800.0,1.0,22700.0,1.0,22600.0,1,22500.0,1.0,22400.0,1.0,22300.0,1.0,22200.0,1.0,22100.0,1.0,22000.0,1.0,23000.0,1.0,23100.0,1.0,23200.0,1.0,23300.0,1.0,23400.0,1.0,23500.0,1.0,23600.0,1.0,23700.0,1.0,23800.0,1.0,23900.0,1.0
000629.SZ,2020-08-06,09:31:12,23000.0,0.0,0.0,22900.0,1.0,22800.0,1.0,22700.0,1.0,22600.0,1,22500.0,1.0,22400.0,1.0,22300.0,1.0,22200.0,1.0,22100.0,1.0,22000.0,1.0,23000.0,1.0,23100.0,1.0,23200.0,1.0,23300.0,1.0,23400.0,1.0,23500.0,1.0,23600.0,1.0,23700.0,1.0,23800.0,1.0,23900.0,1.0
000629.SZ,2020-08-06,09:31:13,23000.0,0.0,0.0,22900.0,1.0,22800.0,1.0,22700.0,1.0,22600.0,1,22500.0,1.0,22400.0,1.0,22300.0,1.0,22200.0,1.0,22100.0,1.0,22000.0,1.0,23000.0,1.0,23100.0,1.0,23200.0,1.0,23300.0,1.0,23400.0,1.0,23500.0,1.0,23600.0,1.0,23700.0,1.0,23800.0,1.0,23900.0,1.0
000629.SZ,2020-08-06,09:31:14,23000.0,0.0,0.0,22900.0,1.0,22800.0,1.0,22700.0,1.0,22600.0,1,22500.0,1.0,22400.0,1.0,22300.0,1.0,22200.0,1.0,22100.0,1.0,22000.0,1.0,23000.0,1.0,23100.0,1.0,23200.0,1.0,23300.0,1.0,23400.0,1.0,23500.0,1.0,23600.0,1.0,23700.0,1.0,23800.0,1.0,23900.0,1.0
000629.SZ,2020-08-06,09:31:15,23000.0,0.0,0.0,22900.0,1.0,22800.0,1.0,22700.0,1.0,22600.0,1,22500.0,1.0,22400.0,1.0,22300.0,1.0,22200.0,1.0,22100.0,1.0,22000.0,1.0,23000.0,1.0,23100.0,1.0,23200.0,1.0,23300.0,1.0,23400.0,1.0,23500.0,1.0,23600.0,1.0,23700.0,1.0,23800.0,1.0,23900.0,1.0
000629.SZ,2020-08-06,09:31:16,23000.0,0.0625850340136054,1433.1972789115648,22900.0,1.0,22800.0,1.0,22700.0,1.0,22600.0,1,22500.0,1.0,22400.0,1.0,22300.0,1.0,22200.0,1.0,22100.0,1.0,22000.0,1.0,23000.0,1.0,23100.0,1.0,23200.0,1.0,23300.0,1.0,23400.0,1.0,23500.0,1.0,23600.0,1.0,23700.0,1.0,23800.0,1.0,23900.0,1.0
000629.SZ,2020-08-06,09:31:17,22900.0,0.0136054421768707,311.5646258503401,22900.0,1.0,22800.0,1.0,22700.0,1.0,22600.0,1,22500.0,1.0,22400.0,1.0,22300.0,1.0,22200.0,1.0,22100.0,1.0,22000.0,1.0,23000.0,1.0,23100.0,1.0,23200.0,1.0,23300.0,1.0,23400.0,1.0,23500.0,1.0,23600.0,1.0,23700.0,1.0,23800.0,1.0,23900.0,1.0
000629.SZ,2020-08-06,09:31:18,22900.0,0.0,0.0,22900.0,1.0,22800.0,1.0,22700.0,1.0,22600.0,1,22500.0,1.0,22400.0,1.0,22300.0,1.0,22200.0,1.0,22100.0,1.0,22000.0,1.0,23000.0,1.0,23100.0,1.0,23200.0,1.0,23300.0,1.0,23400.0,1.0,23500.0,1.0,23600.0,1.0,23700.0,1.0,23800.0,1.0,23900.0,1.0
000629.SZ,2020-08-06,09:31:19,22900.0,0.2993197278911564,6884.353741496599,22900.0,1.0,22800.0,1.0,22700.0,1.0,22600.0,1,22500.0,1.0,22400.0,1.0,22300.0,1.0,22200.0,1.0,22100.0,1.0,22000.0,1.0,23000.0,1.0,23100.0,1.0,23200.0,1.0,23300.0,1.0,23400.0,1.0,23500.0,1.0,23600.0,1.0,23700.0,1.0,23800.0,1.0,23900.0,1.0
000629.SZ,2020-08-06,09:31:20,23000.0,0.4272108843537415,9825.850340136054,22900.0,1.0,22800.0,1.0,22700.0,1.0,22600.0,1,22500.0,1.0,22400.0,1.0,22300.0,1.0,22200.0,1.0,22100.0,1.0,22000.0,1.0,23000.0,1.0,23100.0,1.0,23200.0,1.0,23300.0,1.0,23400.0,1.0,23500.0,1.0,23600.0,1.0,23700.0,1.0,23800.0,1.0,23900.0,1.0
000629.SZ,2020-08-06,09:31:21,23000.0,0.1156462585034013,2659.863945578232,22900.0,1.0,22800.0,1.0,22700.0,1.0,22600.0,1,22500.0,1.0,22400.0,1.0,22300.0,1.0,22200.0,1.0,22100.0,1.0,22000.0,1.0,23000.0,1.0,23100.0,1.0,23200.0,1.0,23300.0,1.0,23400.0,1.0,23500.0,1.0,23600.0,1.0,23700.0,1.0,23800.0,1.0,23900.0,1.0
000629.SZ,2020-08-06,09:31:22,23000.0,0.0571428571428571,1314.2857142857142,22900.0,1.0,22800.0,1.0,22700.0,1.0,22600.0,1,22500.0,1.0,22400.0,1.0,22300.0,1.0,22200.0,1.0,22100.0,1.0,22000.0,1.0,23000.0,1.0,23100.0,1.0,23200.0,1.0,23300.0,1.0,23400.0,1.0,23500.0,1.0,23600.0,1.0,23700.0,1.0,23800.0,1.0,23900.0,1.0
000629.SZ,2020-08-06,09:31:23,23000.0,0.0,0.0,22900.0,1.0,22800.0,1.0,22700.0,1.0,22600.0,1,22500.0,1.0,22400.0,1.0,22300.0,1.0,22200.0,1.0,22100.0,1.0,22000.0,1.0,23000.0,1.0,23100.0,1.0,23200.0,1.0,23300.0,1.0,23400.0,1.0,23500.0,1.0,23600.0,1.0,23700.0,1.0,23800.0,1.0,23900.0,1.0
000629.SZ,2020-08-06,09:31:24,23000.0,0.6040816326530613,13893.877551020409,22900.0,1.0,22800.0,1.0,22700.0,1.0,22600.0,1,22500.0,1.0,22400.0,1.0,22300.0,1.0,22200.0,1.0,22100.0,1.0,22000.0,1.0,23000.0,1.0,23100.0,1.0,23200.0,1.0,23300.0,1.0,23400.0,1.0,23500.0,1.0,23600.0,1.0,23700.0,1.0,23800.0,1.0,23900.0,1.0
000629.SZ,2020-08-06,09:31:25,23000.0,1.0,23000.0,23000.0,1.0,22900.0,1.0,22800.0,1.0,22700.0,1,22600.0,1.0,22500.0,1.0,22400.0,1.0,22300.0,1.0,22200.0,1.0,22100.0,1.0,23100.0,1.0,23200.0,1.0,23300.0,1.0,23400.0,1.0,23500.0,1.0,23600.0,1.0,23700.0,1.0,23800.0,1.0,23900.0,1.0,24000.0,1.0
000629.SZ,2020-08-06,09:31:26,23000.0,0.0,0.0,23000.0,1.0,22900.0,1.0,22800.0,1.0,22700.0,1,22600.0,1.0,22500.0,1.0,22400.0,1.0,22300.0,1.0,22200.0,1.0,22100.0,1.0,23100.0,1.0,23200.0,1.0,23300.0,1.0,23400.0,1.0,23500.0,1.0,23600.0,1.0,23700.0,1.0,23800.0,1.0,23900.0,1.0,24000.0,1.0
000629.SZ,2020-08-06,09:31:27,23000.0,0.0,0.0,23000.0,1.0,22900.0,1.0,22800.0,1.0,22700.0,1,22600.0,1.0,22500.0,1.0,22400.0,1.0,22300.0,1.0,22200.0,1.0,22100.0,1.0,23100.0,1.0,23200.0,1.0,23300.0,1.0,23400.0,1.0,23500.0,1.0,23600.0,1.0,23700.0,1.0,23800.0,1.0,23900.0,1.0,24000.0,1.0
000629.SZ,2020-08-06,09:31:28,23000.0,0.0,0.0,23000.0,1.0,22900.0,0.38,22800.0,1.0,22700.0,1,22600.0,1.0,22500.0,1.0,22400.0,1.0,22300.0,1.0,22200.0,1.0,22100.0,1.0,23100.0,1.0,23200.0,1.0,23300.0,1.0,23400.0,1.0,23500.0,1.0,23600.0,1.0,23700.0,1.0,23800.0,1.0,23900.0,1.0,24000.0,1.0
000629.SZ,2020-08-06,09:31:29,23000.0,0.0299319727891156,691.4285714285714,23000.0,1.0,22900.0,0.38,22800.0,1.0,22700.0,1,22600.0,1.0,22500.0,1.0,22400.0,1.0,22300.0,1.0,22200.0,1.0,22100.0,1.0,23100.0,1.0,23200.0,1.0,23300.0,1.0,23400.0,1.0,23500.0,1.0,23600.0,1.0,23700.0,1.0,23800.0,1.0,23900.0,1.0,24000.0,1.0
000629.SZ,2020-08-06,09:31:30,23100.0,0.2176870748299319,5006.802721088435,23000.0,1.0,22900.0,0.38,22800.0,1.0,22700.0,1,22600.0,1.0,22500.0,1.0,22400.0,1.0,22300.0,1.0,22200.0,1.0,22100.0,1.0,23100.0,1.0,23200.0,1.0,23300.0,1.0,23400.0,1.0,23500.0,1.0,23600.0,1.0,23700.0,1.0,23800.0,1.0,23900.0,1.0,24000.0,1.0
000629.SZ,2020-08-06,09:31:31,23000.0,0.1510204081632653,3488.571428571429,23000.0,1.0,22900.0,0.38,22800.0,1.0,22700.0,1,22600.0,1.0,22500.0,1.0,22400.0,1.0,22300.0,1.0,22200.0,1.0,22100.0,1.0,23100.0,1.0,23200.0,1.0,23300.0,1.0,23400.0,1.0,23500.0,1.0,23600.0,1.0,23700.0,1.0,23800.0,1.0,23900.0,1.0,24000.0,1.0
000629.SZ,2020-08-06,09:31:32,23100.0,0.0258503401360544,597.1428571428571,23000.0,1.0,22900.0,0.38,22800.0,1.0,22700.0,1,22600.0,1.0,22500.0,1.0,22400.0,1.0,22300.0,1.0,22200.0,1.0,22100.0,1.0,23100.0,1.0,23200.0,1.0,23300.0,1.0,23400.0,1.0,23500.0,1.0,23600.0,1.0,23700.0,1.0,23800.0,1.0,23900.0,1.0,24000.0,1.0
000629.SZ,2020-08-06,09:31:33,23100.0,0.1006802721088435,2325.714285714286,23000.0,1.0,22900.0,0.38,22800.0,1.0,22700.0,1,22600.0,1.0,22500.0,1.0,22400.0,1.0,22300.0,1.0,22200.0,1.0,22100.0,1.0,23100.0,1.0,23200.0,1.0,23300.0,1.0,23400.0,1.0,23500.0,1.0,23600.0,1.0,23700.0,1.0,23800.0,1.0,23900.0,1.0,24000.0,1.0
000629.SZ,2020-08-06,09:31:34,23100.0,0.4775510204081633,11027.1306122449,23000.0,1.0,22900.0,0.38,22800.0,1.0,22700.0,1,22600.0,1.0,22500.0,1.0,22400.0,1.0,22300.0,1.0,22200.0,1.0,22100.0,1.0,23100.0,1.0,23200.0,1.0,23300.0,1.0,23400.0,1.0,23500.0,1.0,23600.0,1.0,23700.0,1.0,23800.0,1.0,23900.0,1.0,24000.0,1.0
000629.SZ,2020-08-06,09:31:35,23100.0,0.0,0.0,23000.0,1.0,22900.0,0.4,22800.0,1.0,22700.0,1,22600.0,1.0,22500.0,1.0,22400.0,1.0,22300.0,1.0,22200.0,1.0,22100.0,1.0,23100.0,1.0,23200.0,1.0,23300.0,1.0,23400.0,1.0,23500.0,1.0,23600.0,1.0,23700.0,1.0,23800.0,1.0,23900.0,1.0,24000.0,1.0
000629.SZ,2020-08-06,09:31:36,23100.0,0.0,0.0,23000.0,1.0,22900.0,0.4,22800.0,1.0,22700.0,1,22600.0,1.0,22500.0,1.0,22400.0,1.0,22300.0,1.0,22200.0,1.0,22100.0,1.0,23100.0,1.0,23200.0,1.0,23300.0,1.0,23400.0,1.0,23500.0,1.0,23600.0,1.0,23700.0,1.0,23800.0,1.0,23900.0,1.0,24000.0,1.0
000629.SZ,2020-08-06,09:31:37,23100.0,0.0,0.0,23000.0,1.0,22900.0,0.4,22800.0,1.0,22700.0,1,22600.0,1.0,22500.0,1.0,22400.0,1.0,22300.0,1.0,22200.0,1.0,22100.0,1.0,23100.0,1.0,23200.0,1.0,23300.0,1.0,23400.0,1.0,23500.0,1.0,23600.0,1.0,23700.0,1.0,23800.0,1.0,23900.0,1.0,24000.0,1.0
000629.SZ,2020-08-06,09:31:38,23100.0,0.0285714285714285,660.0,23000.0,1.0,22900.0,0.4,22800.0,1.0,22700.0,1,22600.0,1.0,22500.0,1.0,22400.0,1.0,22300.0,1.0,22200.0,1.0,22100.0,1.0,23100.0,1.0,23200.0,1.0,23300.0,1.0,23400.0,1.0,23500.0,1.0,23600.0,1.0,23700.0,1.0,23800.0,1.0,23900.0,1.0,24000.0,1.0
000629.SZ,2020-08-06,09:31:39,23100.0,0.0,0.0,23000.0,1.0,22900.0,0.4,22800.0,1.0,22700.0,1,22600.0,1.0,22500.0,1.0,22400.0,1.0,22300.0,1.0,22200.0,1.0,22100.0,1.0,23100.0,1.0,23200.0,1.0,23300.0,1.0,23400.0,1.0,23500.0,1.0,23600.0,1.0,23700.0,1.0,23800.0,1.0,23900.0,1.0,24000.0,1.0
000629.SZ,2020-08-06,09:31:40,23100.0,1.0,23091.0,23000.0,1.0,22900.0,0.46,22800.0,1.0,22700.0,1,22600.0,1.0,22500.0,1.0,22400.0,1.0,22300.0,1.0,22200.0,1.0,22100.0,1.0,23100.0,1.0,23200.0,1.0,23300.0,1.0,23400.0,1.0,23500.0,1.0,23600.0,1.0,23700.0,1.0,23800.0,1.0,23900.0,1.0,24000.0,1.0
000629.SZ,2020-08-06,09:31:41,23100.0,0.0231292517006802,534.2857142857142,23000.0,1.0,22900.0,0.47,22800.0,1.0,22700.0,1,22600.0,1.0,22500.0,1.0,22400.0,1.0,22300.0,1.0,22200.0,1.0,22100.0,1.0,23100.0,1.0,23200.0,1.0,23300.0,1.0,23400.0,1.0,23500.0,1.0,23600.0,1.0,23700.0,1.0,23800.0,1.0,23900.0,1.0,24000.0,1.0
000629.SZ,2020-08-06,09:31:42,23100.0,0.0,0.0,23000.0,1.0,22900.0,1.0,22800.0,1.0,22700.0,1,22600.0,1.0,22500.0,1.0,22400.0,1.0,22300.0,1.0,22200.0,1.0,22100.0,1.0,23100.0,1.0,23200.0,1.0,23300.0,1.0,23400.0,1.0,23500.0,1.0,23600.0,1.0,23700.0,1.0,23800.0,1.0,23900.0,1.0,24000.0,1.0
000629.SZ,2020-08-06,09:31:43,23100.0,0.0,0.0,23000.0,1.0,22900.0,1.0,22800.0,1.0,22700.0,1,22600.0,1.0,22500.0,1.0,22400.0,1.0,22300.0,1.0,22200.0,1.0,22100.0,1.0,23100.0,1.0,23200.0,1.0,23300.0,1.0,23400.0,1.0,23500.0,1.0,23600.0,1.0,23700.0,1.0,23800.0,1.0,23900.0,1.0,24000.0,1.0
000629.SZ,2020-08-06,09:31:44,23100.0,0.6394557823129252,14771.428571428572,23000.0,1.0,22900.0,1.0,22800.0,1.0,22700.0,1,22600.0,1.0,22500.0,1.0,22400.0,1.0,22300.0,1.0,22200.0,1.0,22100.0,1.0,23100.0,1.0,23200.0,1.0,23300.0,1.0,23400.0,1.0,23500.0,1.0,23600.0,1.0,23700.0,1.0,23800.0,1.0,23900.0,1.0,24000.0,1.0
000629.SZ,2020-08-06,09:31:45,23100.0,0.0,0.0,23000.0,1.0,22900.0,1.0,22800.0,1.0,22700.0,1,22600.0,1.0,22500.0,1.0,22400.0,1.0,22300.0,1.0,22200.0,1.0,22100.0,1.0,23100.0,1.0,23200.0,1.0,23300.0,1.0,23400.0,1.0,23500.0,1.0,23600.0,1.0,23700.0,1.0,23800.0,1.0,23900.0,1.0,24000.0,1.0
000629.SZ,2020-08-06,09:31:46,23100.0,0.0,0.0,23000.0,1.0,22900.0,1.0,22800.0,1.0,22700.0,1,22600.0,1.0,22500.0,1.0,22400.0,1.0,22300.0,1.0,22200.0,1.0,22100.0,1.0,23100.0,1.0,23200.0,1.0,23300.0,1.0,23400.0,1.0,23500.0,1.0,23600.0,1.0,23700.0,1.0,23800.0,1.0,23900.0,1.0,24000.0,1.0
000629.SZ,2020-08-06,09:31:47,23100.0,0.0544217687074829,1251.700680272109,23000.0,1.0,22900.0,1.0,22800.0,1.0,22700.0,1,22600.0,1.0,22500.0,1.0,22400.0,1.0,22300.0,1.0,22200.0,1.0,22100.0,1.0,23100.0,1.0,23200.0,1.0,23300.0,1.0,23400.0,1.0,23500.0,1.0,23600.0,1.0,23700.0,1.0,23800.0,1.0,23900.0,1.0,24000.0,1.0
000629.SZ,2020-08-06,09:31:48,23000.0,0.0,0.0,23000.0,1.0,22900.0,1.0,22800.0,1.0,22700.0,1,22600.0,1.0,22500.0,1.0,22400.0,1.0,22300.0,1.0,22200.0,1.0,22100.0,1.0,23100.0,1.0,23200.0,1.0,23300.0,1.0,23400.0,1.0,23500.0,1.0,23600.0,1.0,23700.0,1.0,23800.0,1.0,23900.0,1.0,24000.0,1.0
000629.SZ,2020-08-06,09:31:49,23000.0,0.4,9200.0,23000.0,1.0,22900.0,1.0,22800.0,1.0,22700.0,1,22600.0,1.0,22500.0,1.0,22400.0,1.0,22300.0,1.0,22200.0,1.0,22100.0,1.0,23100.0,1.0,23200.0,1.0,23300.0,1.0,23400.0,1.0,23500.0,1.0,23600.0,1.0,23700.0,1.0,23800.0,1.0,23900.0,1.0,24000.0,1.0
000629.SZ,2020-08-06,09:31:50,23000.0,0.0,0.0,23000.0,1.0,22900.0,1.0,22800.0,1.0,22700.0,1,22600.0,1.0,22500.0,1.0,22400.0,1.0,22300.0,1.0,22200.0,1.0,22100.0,1.0,23100.0,1.0,23200.0,1.0,23300.0,1.0,23400.0,1.0,23500.0,1.0,23600.0,1.0,23700.0,1.0,23800.0,1.0,23900.0,1.0,24000.0,1.0
000629.SZ,2020-08-06,09:31:51,23000.0,0.0,0.0,23000.0,1.0,22900.0,1.0,22800.0,1.0,22700.0,1,22600.0,1.0,22500.0,1.0,22400.0,1.0,22300.0,1.0,22200.0,1.0,22100.0,1.0,23100.0,1.0,23200.0,1.0,23300.0,1.0,23400.0,1.0,23500.0,1.0,23600.0,1.0,23700.0,1.0,23800.0,1.0,23900.0,1.0,24000.0,1.0
000629.SZ,2020-08-06,09:31:52,23000.0,0.0,0.0,23000.0,1.0,22900.0,1.0,22800.0,1.0,22700.0,1,22600.0,1.0,22500.0,1.0,22400.0,1.0,22300.0,1.0,22200.0,1.0,22100.0,1.0,23100.0,1.0,23200.0,1.0,23300.0,1.0,23400.0,1.0,23500.0,1.0,23600.0,1.0,23700.0,1.0,23800.0,1.0,23900.0,1.0,24000.0,1.0
000629.SZ,2020-08-06,09:31:53,23000.0,0.4625850340136054,10685.714285714286,23000.0,1.0,22900.0,1.0,22800.0,1.0,22700.0,1,22600.0,1.0,22500.0,1.0,22400.0,1.0,22300.0,1.0,22200.0,1.0,22100.0,1.0,23100.0,1.0,23200.0,1.0,23300.0,1.0,23400.0,1.0,23500.0,1.0,23600.0,1.0,23700.0,1.0,23800.0,1.0,23900.0,1.0,24000.0,1.0
000629.SZ,2020-08-06,09:31:54,23100.0,0.0,0.0,23000.0,1.0,22900.0,1.0,22800.0,1.0,22700.0,1,22600.0,1.0,22500.0,1.0,22400.0,1.0,22300.0,1.0,22200.0,1.0,22100.0,1.0,23100.0,1.0,23200.0,1.0,23300.0,1.0,23400.0,1.0,23500.0,1.0,23600.0,1.0,23700.0,1.0,23800.0,1.0,23900.0,1.0,24000.0,1.0
000629.SZ,2020-08-06,09:31:55,23100.0,0.0299319727891156,688.4353741496599,23000.0,1.0,22900.0,1.0,22800.0,1.0,22700.0,1,22600.0,1.0,22500.0,1.0,22400.0,1.0,22300.0,1.0,22200.0,1.0,22100.0,1.0,23100.0,1.0,23200.0,1.0,23300.0,1.0,23400.0,1.0,23500.0,1.0,23600.0,1.0,23700.0,1.0,23800.0,1.0,23900.0,1.0,24000.0,1.0
000629.SZ,2020-08-06,09:31:56,23000.0,0.0272108843537414,625.8503401360543,23000.0,1.0,22900.0,1.0,22800.0,1.0,22700.0,1,22600.0,1.0,22500.0,1.0,22400.0,1.0,22300.0,1.0,22200.0,1.0,22100.0,1.0,23100.0,1.0,23200.0,1.0,23300.0,1.0,23400.0,1.0,23500.0,1.0,23600.0,1.0,23700.0,1.0,23800.0,1.0,23900.0,1.0,24000.0,1.0
000629.SZ,2020-08-06,09:31:57,23000.0,0.2489795918367346,5748.191836734693,23000.0,1.0,22900.0,1.0,22800.0,1.0,22700.0,1,22600.0,1.0,22500.0,1.0,22400.0,1.0,22300.0,1.0,22200.0,1.0,22100.0,1.0,23100.0,1.0,23200.0,1.0,23300.0,1.0,23400.0,1.0,23500.0,1.0,23600.0,1.0,23700.0,1.0,23800.0,1.0,23900.0,1.0,24000.0,1.0
000629.SZ,2020-08-06,09:31:58,23000.0,0.6585034013605442,15156.772789115646,23000.0,1.0,22900.0,1.0,22800.0,1.0,22700.0,1,22600.0,1.0,22500.0,1.0,22400.0,1.0,22300.0,1.0,22200.0,1.0,22100.0,1.0,23100.0,1.0,23200.0,1.0,23300.0,1.0,23400.0,1.0,23500.0,1.0,23600.0,1.0,23700.0,1.0,23800.0,1.0,23900.0,1.0,24000.0,1.0
000629.SZ,2020-08-06,09:31:59,23100.0,0.0,0.0,23000.0,1.0,22900.0,1.0,22800.0,1.0,22700.0,1,22600.0,1.0,22500.0,1.0,22400.0,1.0,22300.0,1.0,22200.0,1.0,22100.0,1.0,23100.0,1.0,23200.0,1.0,23300.0,1.0,23400.0,1.0,23500.0,1.0,23600.0,1.0,23700.0,1.0,23800.0,1.0,23900.0,1.0,24000.0,1.0
000629.SZ,2020-08-06,09:32:00,23100.0,0.0,0.0,23000.0,1.0,22900.0,1.0,22800.0,1.0,22700.0,1,22600.0,1.0,22500.0,1.0,22400.0,1.0,22300.0,1.0,22200.0,1.0,22100.0,1.0,23100.0,1.0,23200.0,1.0,23300.0,1.0,23400.0,1.0,23500.0,1.0,23600.0,1.0,23700.0,1.0,23800.0,1.0,23900.0,1.0,24000.0,1.0
000629.SZ,2020-08-06,09:32:01,23100.0,1.0,23000.0,23000.0,1.0,22900.0,1.0,22800.0,1.0,22700.0,1,22600.0,1.0,22500.0,1.0,22400.0,1.0,22300.0,1.0,22200.0,1.0,22100.0,1.0,23100.0,1.0,23200.0,1.0,23300.0,1.0,23400.0,1.0,23500.0,1.0,23600.0,1.0,23700.0,1.0,23800.0,1.0,23900.0,1.0,24000.0,1.0
000629.SZ,2020-08-06,09:32:02,23000.0,0.0,0.0,23000.0,1.0,22900.0,1.0,22800.0,1.0,22700.0,1,22600.0,1.0,22500.0,1.0,22400.0,1.0,22300.0,1.0,22200.0,1.0,22100.0,1.0,23100.0,1.0,23200.0,1.0,23300.0,1.0,23400.0,1.0,23500.0,1.0,23600.0,1.0,23700.0,1.0,23800.0,1.0,23900.0,1.0,24000.0,1.0
000629.SZ,2020-08-06,09:32:03,23000.0,0.0,0.0,23000.0,1.0,22900.0,1.0,22800.0,1.0,22700.0,1,22600.0,1.0,22500.0,1.0,22400.0,1.0,22300.0,1.0,22200.0,1.0,22100.0,1.0,23100.0,1.0,23200.0,1.0,23300.0,1.0,23400.0,1.0,23500.0,1.0,23600.0,1.0,23700.0,1.0,23800.0,1.0,23900.0,1.0,24000.0,1.0
000629.SZ,2020-08-06,09:32:04,23000.0,0.0,0.0,23000.0,1.0,22900.0,1.0,22800.0,1.0,22700.0,1,22600.0,1.0,22500.0,1.0,22400.0,1.0,22300.0,1.0,22200.0,1.0,22100.0,1.0,23100.0,1.0,23200.0,1.0,23300.0,1.0,23400.0,1.0,23500.0,1.0,23600.0,1.0,23700.0,1.0,23800.0,1.0,23900.0,1.0,24000.0,1.0
000629.SZ,2020-08-06,09:32:05,23000.0,0.2054421768707483,4745.714285714286,23000.0,1.0,22900.0,1.0,22800.0,1.0,22700.0,1,22600.0,1.0,22500.0,1.0,22400.0,1.0,22300.0,1.0,22200.0,1.0,22100.0,1.0,23100.0,1.0,23200.0,1.0,23300.0,1.0,23400.0,1.0,23500.0,1.0,23600.0,1.0,23700.0,1.0,23800.0,1.0,23900.0,1.0,24000.0,1.0
000629.SZ,2020-08-06,09:32:06,23100.0,0.0952380952380952,2200.0,23000.0,1.0,22900.0,1.0,22800.0,1.0,22700.0,1,22600.0,1.0,22500.0,1.0,22400.0,1.0,22300.0,1.0,22200.0,1.0,22100.0,1.0,23100.0,1.0,23200.0,1.0,23300.0,1.0,23400.0,1.0,23500.0,1.0,23600.0,1.0,23700.0,1.0,23800.0,1.0,23900.0,1.0,24000.0,1.0
000629.SZ,2020-08-06,09:32:07,23100.0,0.3074829931972789,7072.108843537415,23000.0,1.0,22900.0,1.0,22800.0,1.0,22700.0,1,22600.0,1.0,22500.0,1.0,22400.0,1.0,22300.0,1.0,22200.0,1.0,22100.0,1.0,23100.0,1.0,23200.0,1.0,23300.0,1.0,23400.0,1.0,23500.0,1.0,23600.0,1.0,23700.0,1.0,23800.0,1.0,23900.0,1.0,24000.0,1.0
000629.SZ,2020-08-06,09:32:08,23000.0,0.0,0.0,23000.0,1.0,22900.0,1.0,22800.0,1.0,22700.0,1,22600.0,1.0,22500.0,1.0,22400.0,1.0,22300.0,1.0,22200.0,1.0,22100.0,1.0,23100.0,1.0,23200.0,1.0,23300.0,1.0,23400.0,1.0,23500.0,1.0,23600.0,1.0,23700.0,1.0,23800.0,1.0,23900.0,1.0,24000.0,1.0
000629.SZ,2020-08-06,09:32:09,23000.0,0.0,0.0,23000.0,1.0,22900.0,1.0,22800.0,1.0,22700.0,1,22600.0,1.0,22500.0,1.0,22400.0,1.0,22300.0,1.0,22200.0,1.0,22100.0,1.0,23100.0,1.0,23200.0,1.0,23300.0,1.0,23400.0,1.0,23500.0,1.0,23600.0,1.0,23700.0,1.0,23800.0,1.0,23900.0,1.0,24000.0,1.0
000629.SZ,2020-08-06,09:32:10,23000.0,0.0108843537414965,251.42857142857144,23000.0,1.0,22900.0,1.0,22800.0,1.0,22700.0,1,22600.0,1.0,22500.0,1.0,22400.0,1.0,22300.0,1.0,22200.0,1.0,22100.0,1.0,23100.0,1.0,23200.0,1.0,23300.0,1.0,23400.0,1.0,23500.0,1.0,23600.0,1.0,23700.0,1.0,23800.0,1.0,23900.0,1.0,24000.0,1.0
000629.SZ,2020-08-06,09:32:11,23100.0,0.310204081632653,7152.065306122449,23000.0,1.0,22900.0,1.0,22800.0,1.0,22700.0,1,22600.0,1.0,22500.0,1.0,22400.0,1.0,22300.0,1.0,22200.0,1.0,22100.0,1.0,23100.0,1.0,23200.0,1.0,23300.0,1.0,23400.0,1.0,23500.0,1.0,23600.0,1.0,23700.0,1.0,23800.0,1.0,23900.0,1.0,24000.0,1.0
000629.SZ,2020-08-06,09:32:12,23100.0,0.2040816326530612,4693.877551020409,23000.0,1.0,22900.0,1.0,22800.0,1.0,22700.0,1,22600.0,1.0,22500.0,1.0,22400.0,1.0,22300.0,1.0,22200.0,1.0,22100.0,1.0,23100.0,1.0,23200.0,1.0,23300.0,1.0,23400.0,1.0,23500.0,1.0,23600.0,1.0,23700.0,1.0,23800.0,1.0,23900.0,1.0,24000.0,1.0
000629.SZ,2020-08-06,09:32:13,23000.0,0.0,0.0,23000.0,1.0,22900.0,1.0,22800.0,1.0,22700.0,1,22600.0,1.0,22500.0,1.0,22400.0,1.0,22300.0,1.0,22200.0,1.0,22100.0,1.0,23100.0,1.0,23200.0,1.0,23300.0,1.0,23400.0,1.0,23500.0,1.0,23600.0,1.0,23700.0,1.0,23800.0,1.0,23900.0,1.0,24000.0,1.0
000629.SZ,2020-08-06,09:32:14,23000.0,0.0,0.0,23000.0,1.0,22900.0,1.0,22800.0,1.0,22700.0,1,22600.0,1.0,22500.0,1.0,22400.0,1.0,22300.0,1.0,22200.0,1.0,22100.0,1.0,23100.0,1.0,23200.0,1.0,23300.0,1.0,23400.0,1.0,23500.0,1.0,23600.0,1.0,23700.0,1.0,23800.0,1.0,23900.0,1.0,24000.0,1.0
000629.SZ,2020-08-06,09:32:15,23000.0,0.0,0.0,23000.0,1.0,22900.0,1.0,22800.0,1.0,22700.0,1,22600.0,1.0,22500.0,1.0,22400.0,1.0,22300.0,1.0,22200.0,1.0,22100.0,1.0,23100.0,1.0,23200.0,1.0,23300.0,1.0,23400.0,1.0,23500.0,1.0,23600.0,1.0,23700.0,1.0,23800.0,1.0,23900.0,1.0,24000.0,1.0
000629.SZ,2020-08-06,09:32:16,23000.0,0.0789115646258503,1814.9659863945576,23000.0,1.0,22900.0,1.0,22800.0,1.0,22700.0,1,22600.0,1.0,22500.0,1.0,22400.0,1.0,22300.0,1.0,22200.0,1.0,22100.0,1.0,23100.0,1.0,23200.0,1.0,23300.0,1.0,23400.0,1.0,23500.0,1.0,23600.0,1.0,23700.0,1.0,23800.0,1.0,23900.0,1.0,24000.0,1.0
000629.SZ,2020-08-06,09:32:17,23000.0,0.0,0.0,23000.0,1.0,22900.0,1.0,22800.0,1.0,22700.0,1,22600.0,1.0,22500.0,1.0,22400.0,1.0,22300.0,1.0,22200.0,1.0,22100.0,1.0,23100.0,1.0,23200.0,1.0,23300.0,1.0,23400.0,1.0,23500.0,1.0,23600.0,1.0,23700.0,1.0,23800.0,1.0,23900.0,1.0,24000.0,1.0
000629.SZ,2020-08-06,09:32:18,23000.0,0.0,0.0,23000.0,1.0,22900.0,1.0,22800.0,1.0,22700.0,1,22600.0,1.0,22500.0,1.0,22400.0,1.0,22300.0,1.0,22200.0,1.0,22100.0,1.0,23100.0,1.0,23200.0,1.0,23300.0,1.0,23400.0,1.0,23500.0,1.0,23600.0,1.0,23700.0,1.0,23800.0,1.0,23900.0,1.0,24000.0,1.0
000629.SZ,2020-08-06,09:32:19,23000.0,0.0258503401360544,597.1428571428571,23000.0,1.0,22900.0,1.0,22800.0,1.0,22700.0,1,22600.0,1.0,22500.0,1.0,22400.0,1.0,22300.0,1.0,22200.0,1.0,22100.0,1.0,23100.0,1.0,23200.0,1.0,23300.0,1.0,23400.0,1.0,23500.0,1.0,23600.0,1.0,23700.0,1.0,23800.0,1.0,23900.0,1.0,24000.0,1.0
000629.SZ,2020-08-06,09:32:20,23100.0,0.0,0.0,23000.0,1.0,22900.0,1.0,22800.0,1.0,22700.0,1,22600.0,1.0,22500.0,1.0,22400.0,1.0,22300.0,1.0,22200.0,1.0,22100.0,1.0,23100.0,1.0,23200.0,1.0,23300.0,1.0,23400.0,1.0,23500.0,1.0,23600.0,1.0,23700.0,1.0,23800.0,1.0,23900.0,1.0,24000.0,1.0
000629.SZ,2020-08-06,09:32:21,23100.0,0.0,0.0,23000.0,1.0,22900.0,1.0,22800.0,1.0,22700.0,1,22600.0,1.0,22500.0,1.0,22400.0,1.0,22300.0,1.0,22200.0,1.0,22100.0,1.0,23100.0,1.0,23200.0,1.0,23300.0,1.0,23400.0,1.0,23500.0,1.0,23600.0,1.0,23700.0,1.0,23800.0,1.0,23900.0,1.0,24000.0,1.0
000629.SZ,2020-08-06,09:32:22,23100.0,0.0,0.0,23000.0,1.0,22900.0,1.0,22800.0,1.0,22700.0,1,22600.0,1.0,22500.0,1.0,22400.0,1.0,22300.0,1.0,22200.0,1.0,22100.0,1.0,23100.0,1.0,23200.0,1.0,23300.0,1.0,23400.0,1.0,23500.0,1.0,23600.0,1.0,23700.0,1.0,23800.0,1.0,23900.0,1.0,24000.0,1.0
000629.SZ,2020-08-06,09:32:23,23100.0,0.0,0.0,23000.0,1.0,22900.0,1.0,22800.0,1.0,22700.0,1,22600.0,1.0,22500.0,1.0,22400.0,1.0,22300.0,1.0,22200.0,1.0,22100.0,1.0,23100.0,1.0,23200.0,1.0,23300.0,1.0,23400.0,1.0,23500.0,1.0,23600.0,1.0,23700.0,1.0,23800.0,1.0,23900.0,1.0,24000.0,1.0
000629.SZ,2020-08-06,09:32:24,23100.0,0.1496598639455782,3455.646258503401,23000.0,1.0,22900.0,1.0,22800.0,1.0,22700.0,1,22600.0,1.0,22500.0,1.0,22400.0,1.0,22300.0,1.0,22200.0,1.0,22100.0,1.0,23100.0,1.0,23200.0,1.0,23300.0,1.0,23400.0,1.0,23500.0,1.0,23600.0,1.0,23700.0,1.0,23800.0,1.0,23900.0,1.0,24000.0,1.0
000629.SZ,2020-08-06,09:32:25,23000.0,0.0,0.0,23000.0,1.0,22900.0,1.0,22800.0,1.0,22700.0,1,22600.0,1.0,22500.0,1.0,22400.0,1.0,22300.0,1.0,22200.0,1.0,22100.0,1.0,23100.0,1.0,23200.0,1.0,23300.0,1.0,23400.0,1.0,23500.0,1.0,23600.0,1.0,23700.0,1.0,23800.0,1.0,23900.0,1.0,24000.0,1.0
000629.SZ,2020-08-06,09:32:26,23000.0,0.0,0.0,23000.0,1.0,22900.0,1.0,22800.0,1.0,22700.0,1,22600.0,1.0,22500.0,1.0,22400.0,1.0,22300.0,1.0,22200.0,1.0,22100.0,1.0,23100.0,1.0,23200.0,1.0,23300.0,1.0,23400.0,1.0,23500.0,1.0,23600.0,1.0,23700.0,1.0,23800.0,1.0,23900.0,1.0,24000.0,1.0
000629.SZ,2020-08-06,09:32:27,23000.0,0.0136054421768707,312.9251700680272,23000.0,1.0,22900.0,1.0,22800.0,1.0,22700.0,1,22600.0,1.0,22500.0,1.0,22400.0,1.0,22300.0,1.0,22200.0,1.0,22100.0,1.0,23100.0,1.0,23200.0,1.0,23300.0,1.0,23400.0,1.0,23500.0,1.0,23600.0,1.0,23700.0,1.0,23800.0,1.0,23900.0,1.0,24000.0,1.0
000629.SZ,2020-08-06,09:32:28,23000.0,0.0,0.0,23000.0,1.0,22900.0,1.0,22800.0,1.0,22700.0,1,22600.0,1.0,22500.0,1.0,22400.0,1.0,22300.0,1.0,22200.0,1.0,22100.0,1.0,23100.0,1.0,23200.0,1.0,23300.0,1.0,23400.0,1.0,23500.0,1.0,23600.0,1.0,23700.0,1.0,23800.0,1.0,23900.0,1.0,24000.0,1.0
000629.SZ,2020-08-06,09:32:29,23000.0,0.0829931972789115,1908.843537414966,23000.0,1.0,22900.0,1.0,22800.0,1.0,22700.0,1,22600.0,1.0,22500.0,1.0,22400.0,1.0,22300.0,1.0,22200.0,1.0,22100.0,1.0,23100.0,1.0,23200.0,1.0,23300.0,1.0,23400.0,1.0,23500.0,1.0,23600.0,1.0,23700.0,1.0,23800.0,1.0,23900.0,1.0,24000.0,1.0
000629.SZ,2020-08-06,09:32:30,23000.0,0.0408163265306122,938.7755102040816,23000.0,1.0,22900.0,1.0,22800.0,1.0,22700.0,1,22600.0,1.0,22500.0,1.0,22400.0,1.0,22300.0,1.0,22200.0,1.0,22100.0,1.0,23100.0,1.0,23200.0,1.0,23300.0,1.0,23400.0,1.0,23500.0,1.0,23600.0,1.0,23700.0,1.0,23800.0,1.0,23900.0,1.0,24000.0,1.0
000629.SZ,2020-08-06,09:32:31,23000.0,0.1496598639455782,3457.1428571428573,23000.0,1.0,22900.0,1.0,22800.0,1.0,22700.0,1,22600.0,1.0,22500.0,1.0,22400.0,1.0,22300.0,1.0,22200.0,1.0,22100.0,1.0,23100.0,1.0,23200.0,1.0,23300.0,1.0,23400.0,1.0,23500.0,1.0,23600.0,1.0,23700.0,1.0,23800.0,1.0,23900.0,1.0,24000.0,1.0
000629.SZ,2020-08-06,09:32:32,23100.0,0.2571428571428571,5916.857142857142,23000.0,1.0,22900.0,1.0,22800.0,1.0,22700.0,1,22600.0,1.0,22500.0,1.0,22400.0,1.0,22300.0,1.0,22200.0,1.0,22100.0,1.0,23100.0,1.0,23200.0,1.0,23300.0,1.0,23400.0,1.0,23500.0,1.0,23600.0,1.0,23700.0,1.0,23800.0,1.0,23900.0,1.0,24000.0,1.0
000629.SZ,2020-08-06,09:32:33,23000.0,0.0,0.0,23000.0,1.0,22900.0,1.0,22800.0,1.0,22700.0,1,22600.0,1.0,22500.0,1.0,22400.0,1.0,22300.0,1.0,22200.0,1.0,22100.0,1.0,23100.0,1.0,23200.0,1.0,23300.0,1.0,23400.0,1.0,23500.0,1.0,23600.0,1.0,23700.0,1.0,23800.0,1.0,23900.0,1.0,24000.0,1.0
000629.SZ,2020-08-06,09:32:34,23000.0,0.0408163265306122,938.7755102040816,23000.0,1.0,22900.0,1.0,22800.0,1.0,22700.0,1,22600.0,1.0,22500.0,1.0,22400.0,1.0,22300.0,1.0,22200.0,1.0,22100.0,1.0,23100.0,1.0,23200.0,1.0,23300.0,1.0,23400.0,1.0,23500.0,1.0,23600.0,1.0,23700.0,1.0,23800.0,1.0,23900.0,1.0,24000.0,1.0
000629.SZ,2020-08-06,09:32:35,23000.0,0.5265306122448979,12110.204081632652,23000.0,1.0,22900.0,1.0,22800.0,1.0,22700.0,1,22600.0,1.0,22500.0,1.0,22400.0,1.0,22300.0,1.0,22200.0,1.0,22100.0,1.0,23100.0,1.0,23200.0,1.0,23300.0,1.0,23400.0,1.0,23500.0,1.0,23600.0,1.0,23700.0,1.0,23800.0,1.0,23900.0,1.0,24000.0,1.0
000629.SZ,2020-08-06,09:32:36,23000.0,1.0,23000.0,23000.0,0.51,22900.0,1.0,22800.0,1.0,22700.0,1,22600.0,1.0,22500.0,1.0,22400.0,1.0,22300.0,1.0,22200.0,1.0,22100.0,1.0,23100.0,1.0,23200.0,1.0,23300.0,1.0,23400.0,1.0,23500.0,1.0,23600.0,1.0,23700.0,1.0,23800.0,1.0,23900.0,1.0,24000.0,1.0
000629.SZ,2020-08-06,09:32:37,23000.0,0.3687074829931973,8480.272108843537,23000.0,0.35,22900.0,1.0,22800.0,1.0,22700.0,1,22600.0,1.0,22500.0,1.0,22400.0,1.0,22300.0,1.0,22200.0,1.0,22100.0,1.0,23100.0,1.0,23200.0,1.0,23300.0,1.0,23400.0,1.0,23500.0,1.0,23600.0,1.0,23700.0,1.0,23800.0,1.0,23900.0,1.0,24000.0,1.0
000629.SZ,2020-08-06,09:32:38,23000.0,0.2,4600.0,23000.0,0.31,22900.0,1.0,22800.0,1.0,22700.0,1,22600.0,1.0,22500.0,1.0,22400.0,1.0,22300.0,1.0,22200.0,1.0,22100.0,1.0,23100.0,1.0,23200.0,1.0,23300.0,1.0,23400.0,1.0,23500.0,1.0,23600.0,1.0,23700.0,1.0,23800.0,1.0,23900.0,1.0,24000.0,1.0
000629.SZ,2020-08-06,09:32:39,23000.0,0.2136054421768707,4912.925170068027,23000.0,0.17,22900.0,1.0,22800.0,1.0,22700.0,1,22600.0,1.0,22500.0,1.0,22400.0,1.0,22300.0,1.0,22200.0,1.0,22100.0,1.0,23100.0,1.0,23200.0,1.0,23300.0,1.0,23400.0,1.0,23500.0,1.0,23600.0,1.0,23700.0,1.0,23800.0,1.0,23900.0,1.0,24000.0,1.0
000629.SZ,2020-08-06,09:32:40,23000.0,0.2136054421768707,4912.925170068027,23000.0,0.15,22900.0,1.0,22800.0,1.0,22700.0,1,22600.0,1.0,22500.0,1.0,22400.0,1.0,22300.0,1.0,22200.0,1.0,22100.0,1.0,23100.0,1.0,23200.0,1.0,23300.0,1.0,23400.0,1.0,23500.0,1.0,23600.0,1.0,23700.0,1.0,23800.0,1.0,23900.0,1.0,24000.0,1.0
000629.SZ,2020-08-06,09:32:41,23000.0,0.2666666666666666,6133.333333333333,22900.0,1.0,22800.0,1.0,22700.0,1.0,22600.0,1,22500.0,1.0,22400.0,1.0,22300.0,1.0,22200.0,1.0,22100.0,1.0,22000.0,1.0,23000.0,0.17,23100.0,1.0,23200.0,1.0,23300.0,1.0,23400.0,1.0,23500.0,1.0,23600.0,1.0,23700.0,1.0,23800.0,1.0,23900.0,1.0
000629.SZ,2020-08-06,09:32:42,23000.0,0.1401360544217687,3223.1292517006805,22900.0,1.0,22800.0,1.0,22700.0,1.0,22600.0,1,22500.0,1.0,22400.0,1.0,22300.0,1.0,22200.0,1.0,22100.0,1.0,22000.0,1.0,23000.0,0.19,23100.0,1.0,23200.0,1.0,23300.0,1.0,23400.0,1.0,23500.0,1.0,23600.0,1.0,23700.0,1.0,23800.0,1.0,23900.0,1.0
000629.SZ,2020-08-06,09:32:43,23000.0,0.0843537414965986,1940.136054421769,22900.0,1.0,22800.0,1.0,22700.0,1.0,22600.0,1,22500.0,1.0,22400.0,1.0,22300.0,1.0,22200.0,1.0,22100.0,1.0,22000.0,1.0,23000.0,0.13,23100.0,1.0,23200.0,1.0,23300.0,1.0,23400.0,1.0,23500.0,1.0,23600.0,1.0,23700.0,1.0,23800.0,1.0,23900.0,1.0
000629.SZ,2020-08-06,09:32:44,23000.0,0.127891156462585,2941.496598639456,22900.0,1.0,22800.0,1.0,22700.0,1.0,22600.0,1,22500.0,1.0,22400.0,1.0,22300.0,1.0,22200.0,1.0,22100.0,1.0,22000.0,1.0,23000.0,0.73,23100.0,1.0,23200.0,1.0,23300.0,1.0,23400.0,1.0,23500.0,1.0,23600.0,1.0,23700.0,1.0,23800.0,1.0,23900.0,1.0
000629.SZ,2020-08-06,09:32:45,23000.0,0.0,0.0,22900.0,1.0,22800.0,1.0,22700.0,1.0,22600.0,1,22500.0,1.0,22400.0,1.0,22300.0,1.0,22200.0,1.0,22100.0,1.0,22000.0,1.0,23000.0,1.0,23100.0,1.0,23200.0,1.0,23300.0,1.0,23400.0,1.0,23500.0,1.0,23600.0,1.0,23700.0,1.0,23800.0,1.0,23900.0,1.0
000629.SZ,2020-08-06,09:32:46,23000.0,0.0,0.0,22900.0,1.0,22800.0,1.0,22700.0,1.0,22600.0,1,22500.0,1.0,22400.0,1.0,22300.0,1.0,22200.0,1.0,22100.0,1.0,22000.0,1.0,23000.0,1.0,23100.0,1.0,23200.0,1.0,23300.0,1.0,23400.0,1.0,23500.0,1.0,23600.0,1.0,23700.0,1.0,23800.0,1.0,23900.0,1.0
000629.SZ,2020-08-06,09:32:47,23000.0,0.0,0.0,22900.0,1.0,22800.0,1.0,22700.0,1.0,22600.0,1,22500.0,1.0,22400.0,1.0,22300.0,1.0,22200.0,1.0,22100.0,1.0,22000.0,1.0,23000.0,1.0,23100.0,1.0,23200.0,1.0,23300.0,1.0,23400.0,1.0,23500.0,1.0,23600.0,1.0,23700.0,1.0,23800.0,1.0,23900.0,1.0
000629.SZ,2020-08-06,09:32:48,23000.0,0.0,0.0,22900.0,1.0,22800.0,1.0,22700.0,1.0,22600.0,1,22500.0,1.0,22400.0,1.0,22300.0,1.0,22200.0,1.0,22100.0,1.0,22000.0,1.0,23000.0,1.0,23100.0,1.0,23200.0,1.0,23300.0,1.0,23400.0,1.0,23500.0,1.0,23600.0,1.0,23700.0,1.0,23800.0,1.0,23900.0,1.0
000629.SZ,2020-08-06,09:32:49,23000.0,0.2843537414965986,6538.714285714286,22900.0,1.0,22800.0,1.0,22700.0,1.0,22600.0,1,22500.0,1.0,22400.0,1.0,22300.0,1.0,22200.0,1.0,22100.0,1.0,22000.0,1.0,23000.0,1.0,23100.0,1.0,23200.0,1.0,23300.0,1.0,23400.0,1.0,23500.0,1.0,23600.0,1.0,23700.0,1.0,23800.0,1.0,23900.0,1.0
000629.SZ,2020-08-06,09:32:50,22900.0,0.0,0.0,22900.0,1.0,22800.0,1.0,22700.0,1.0,22600.0,1,22500.0,1.0,22400.0,1.0,22300.0,1.0,22200.0,1.0,22100.0,1.0,22000.0,1.0,23000.0,1.0,23100.0,1.0,23200.0,1.0,23300.0,1.0,23400.0,1.0,23500.0,1.0,23600.0,1.0,23700.0,1.0,23800.0,1.0,23900.0,1.0
000629.SZ,2020-08-06,09:32:51,22900.0,0.0,0.0,22900.0,1.0,22800.0,1.0,22700.0,1.0,22600.0,1,22500.0,1.0,22400.0,1.0,22300.0,1.0,22200.0,1.0,22100.0,1.0,22000.0,1.0,23000.0,1.0,23100.0,1.0,23200.0,1.0,23300.0,1.0,23400.0,1.0,23500.0,1.0,23600.0,1.0,23700.0,1.0,23800.0,1.0,23900.0,1.0
000629.SZ,2020-08-06,09:32:52,22900.0,0.4258503401360544,9794.557823129251,22900.0,1.0,22800.0,1.0,22700.0,1.0,22600.0,1,22500.0,1.0,22400.0,1.0,22300.0,1.0,22200.0,1.0,22100.0,1.0,22000.0,1.0,23000.0,1.0,23100.0,1.0,23200.0,1.0,23300.0,1.0,23400.0,1.0,23500.0,1.0,23600.0,1.0,23700.0,1.0,23800.0,1.0,23900.0,1.0
000629.SZ,2020-08-06,09:32:53,23000.0,0.0,0.0,22900.0,1.0,22800.0,1.0,22700.0,1.0,22600.0,1,22500.0,1.0,22400.0,1.0,22300.0,1.0,22200.0,1.0,22100.0,1.0,22000.0,1.0,23000.0,1.0,23100.0,1.0,23200.0,1.0,23300.0,1.0,23400.0,1.0,23500.0,1.0,23600.0,1.0,23700.0,1.0,23800.0,1.0,23900.0,1.0
000629.SZ,2020-08-06,09:32:54,23000.0,0.0,0.0,22900.0,1.0,22800.0,1.0,22700.0,1.0,22600.0,1,22500.0,1.0,22400.0,1.0,22300.0,1.0,22200.0,1.0,22100.0,1.0,22000.0,1.0,23000.0,1.0,23100.0,1.0,23200.0,1.0,23300.0,1.0,23400.0,1.0,23500.0,1.0,23600.0,1.0,23700.0,1.0,23800.0,1.0,23900.0,1.0
000629.SZ,2020-08-06,09:32:55,23000.0,0.0,0.0,22900.0,1.0,22800.0,1.0,22700.0,1.0,22600.0,1,22500.0,1.0,22400.0,1.0,22300.0,1.0,22200.0,1.0,22100.0,1.0,22000.0,1.0,23000.0,1.0,23100.0,1.0,23200.0,1.0,23300.0,1.0,23400.0,1.0,23500.0,1.0,23600.0,1.0,23700.0,1.0,23800.0,1.0,23900.0,1.0
000629.SZ,2020-08-06,09:32:56,23000.0,0.2666666666666666,6113.6,22900.0,1.0,22800.0,1.0,22700.0,1.0,22600.0,1,22500.0,1.0,22400.0,1.0,22300.0,1.0,22200.0,1.0,22100.0,1.0,22000.0,1.0,23000.0,1.0,23100.0,1.0,23200.0,1.0,23300.0,1.0,23400.0,1.0,23500.0,1.0,23600.0,1.0,23700.0,1.0,23800.0,1.0,23900.0,1.0
000629.SZ,2020-08-06,09:32:57,22900.0,0.0666666666666666,1533.3333333333333,22900.0,1.0,22800.0,1.0,22700.0,1.0,22600.0,1,22500.0,1.0,22400.0,1.0,22300.0,1.0,22200.0,1.0,22100.0,1.0,22000.0,1.0,23000.0,1.0,23100.0,1.0,23200.0,1.0,23300.0,1.0,23400.0,1.0,23500.0,1.0,23600.0,1.0,23700.0,1.0,23800.0,1.0,23900.0,1.0
000629.SZ,2020-08-06,09:32:58,23000.0,0.0394557823129251,907.4829931972788,22900.0,1.0,22800.0,1.0,22700.0,1.0,22600.0,1,22500.0,1.0,22400.0,1.0,22300.0,1.0,22200.0,1.0,22100.0,1.0,22000.0,1.0,23000.0,1.0,23100.0,1.0,23200.0,1.0,23300.0,1.0,23400.0,1.0,23500.0,1.0,23600.0,1.0,23700.0,1.0,23800.0,1.0,23900.0,1.0
000629.SZ,2020-08-06,09:32:59,23000.0,0.0,0.0,22900.0,1.0,22800.0,1.0,22700.0,1.0,22600.0,1,22500.0,1.0,22400.0,1.0,22300.0,1.0,22200.0,1.0,22100.0,1.0,22000.0,1.0,23000.0,1.0,23100.0,1.0,23200.0,1.0,23300.0,1.0,23400.0,1.0,23500.0,1.0,23600.0,1.0,23700.0,1.0,23800.0,1.0,23900.0,1.0
000629.SZ,2020-08-06,09:33:00,23000.0,0.6068027210884354,13936.438095238094,22900.0,1.0,22800.0,1.0,22700.0,1.0,22600.0,1,22500.0,1.0,22400.0,1.0,22300.0,1.0,22200.0,1.0,22100.0,1.0,22000.0,1.0,23000.0,1.0,23100.0,1.0,23200.0,1.0,23300.0,1.0,23400.0,1.0,23500.0,1.0,23600.0,1.0,23700.0,1.0,23800.0,1.0,23900.0,1.0
000629.SZ,2020-08-06,09:33:01,22900.0,0.0,0.0,22900.0,1.0,22800.0,1.0,22700.0,1.0,22600.0,1,22500.0,1.0,22400.0,1.0,22300.0,1.0,22200.0,1.0,22100.0,1.0,22000.0,1.0,23000.0,1.0,23100.0,1.0,23200.0,1.0,23300.0,1.0,23400.0,1.0,23500.0,1.0,23600.0,1.0,23700.0,1.0,23800.0,1.0,23900.0,1.0
000629.SZ,2020-08-06,09:33:02,22900.0,0.4829931972789115,11108.843537414965,22900.0,1.0,22800.0,1.0,22700.0,1.0,22600.0,1,22500.0,1.0,22400.0,1.0,22300.0,1.0,22200.0,1.0,22100.0,1.0,22000.0,1.0,23000.0,1.0,23100.0,1.0,23200.0,1.0,23300.0,1.0,23400.0,1.0,23500.0,1.0,23600.0,1.0,23700.0,1.0,23800.0,1.0,23900.0,1.0
000629.SZ,2020-08-06,09:33:03,23000.0,0.9006802721088435,20715.6462585034,22900.0,1.0,22800.0,1.0,22700.0,1.0,22600.0,1,22500.0,1.0,22400.0,1.0,22300.0,1.0,22200.0,1.0,22100.0,1.0,22000.0,1.0,23000.0,1.0,23100.0,1.0,23200.0,1.0,23300.0,1.0,23400.0,1.0,23500.0,1.0,23600.0,1.0,23700.0,1.0,23800.0,1.0,23900.0,1.0
000629.SZ,2020-08-06,09:33:04,23000.0,0.0789115646258503,1808.416326530612,22900.0,1.0,22800.0,1.0,22700.0,1.0,22600.0,1,22500.0,1.0,22400.0,1.0,22300.0,1.0,22200.0,1.0,22100.0,1.0,22000.0,1.0,23000.0,1.0,23100.0,1.0,23200.0,1.0,23300.0,1.0,23400.0,1.0,23500.0,1.0,23600.0,1.0,23700.0,1.0,23800.0,1.0,23900.0,1.0
000629.SZ,2020-08-06,09:33:05,22900.0,0.1319727891156462,3035.374149659864,22900.0,1.0,22800.0,1.0,22700.0,1.0,22600.0,1,22500.0,1.0,22400.0,1.0,22300.0,1.0,22200.0,1.0,22100.0,1.0,22000.0,1.0,23000.0,1.0,23100.0,1.0,23200.0,1.0,23300.0,1.0,23400.0,1.0,23500.0,1.0,23600.0,1.0,23700.0,1.0,23800.0,1.0,23900.0,1.0
000629.SZ,2020-08-06,09:33:06,23000.0,0.1210884353741496,2785.0340136054424,22900.0,1.0,22800.0,1.0,22700.0,1.0,22600.0,1,22500.0,1.0,22400.0,1.0,22300.0,1.0,22200.0,1.0,22100.0,1.0,22000.0,1.0,23000.0,1.0,23100.0,1.0,23200.0,1.0,23300.0,1.0,23400.0,1.0,23500.0,1.0,23600.0,1.0,23700.0,1.0,23800.0,1.0,23900.0,1.0
000629.SZ,2020-08-06,09:33:07,23000.0,0.0408163265306122,938.7755102040816,22900.0,1.0,22800.0,1.0,22700.0,1.0,22600.0,1,22500.0,1.0,22400.0,1.0,22300.0,1.0,22200.0,1.0,22100.0,1.0,22000.0,1.0,23000.0,1.0,23100.0,1.0,23200.0,1.0,23300.0,1.0,23400.0,1.0,23500.0,1.0,23600.0,1.0,23700.0,1.0,23800.0,1.0,23900.0,1.0
000629.SZ,2020-08-06,09:33:08,23000.0,0.272108843537415,6258.503401360545,22900.0,1.0,22800.0,1.0,22700.0,1.0,22600.0,1,22500.0,1.0,22400.0,1.0,22300.0,1.0,22200.0,1.0,22100.0,1.0,22000.0,1.0,23000.0,1.0,23100.0,1.0,23200.0,1.0,23300.0,1.0,23400.0,1.0,23500.0,1.0,23600.0,1.0,23700.0,1.0,23800.0,1.0,23900.0,1.0
000629.SZ,2020-08-06,09:33:09,23000.0,0.4666666666666667,10733.333333333334,22900.0,1.0,22800.0,1.0,22700.0,1.0,22600.0,1,22500.0,1.0,22400.0,1.0,22300.0,1.0,22200.0,1.0,22100.0,1.0,22000.0,1.0,23000.0,1.0,23100.0,1.0,23200.0,1.0,23300.0,1.0,23400.0,1.0,23500.0,1.0,23600.0,1.0,23700.0,1.0,23800.0,1.0,23900.0,1.0
000629.SZ,2020-08-06,09:33:10,23000.0,0.1482993197278911,3410.8843537414964,22900.0,1.0,22800.0,1.0,22700.0,1.0,22600.0,1,22500.0,1.0,22400.0,1.0,22300.0,1.0,22200.0,1.0,22100.0,1.0,22000.0,1.0,23000.0,1.0,23100.0,1.0,23200.0,1.0,23300.0,1.0,23400.0,1.0,23500.0,1.0,23600.0,1.0,23700.0,1.0,23800.0,1.0,23900.0,1.0
000629.SZ,2020-08-06,09:33:11,23000.0,0.0,0.0,22900.0,1.0,22800.0,1.0,22700.0,1.0,22600.0,1,22500.0,1.0,22400.0,1.0,22300.0,1.0,22200.0,1.0,22100.0,1.0,22000.0,1.0,23000.0,1.0,23100.0,1.0,23200.0,1.0,23300.0,1.0,23400.0,1.0,23500.0,1.0,23600.0,1.0,23700.0,1.0,23800.0,1.0,23900.0,1.0
000629.SZ,2020-08-06,09:33:12,23000.0,1.0,23000.0,23000.0,1.0,22900.0,1.0,22800.0,1.0,22700.0,1,22600.0,1.0,22500.0,1.0,22400.0,1.0,22300.0,1.0,22200.0,1.0,22100.0,1.0,23100.0,1.0,23200.0,1.0,23300.0,1.0,23400.0,1.0,23500.0,1.0,23600.0,1.0,23700.0,1.0,23800.0,1.0,23900.0,1.0,24000.0,1.0
000629.SZ,2020-08-06,09:33:13,23000.0,0.3401360544217687,7823.12925170068,23000.0,1.0,22900.0,1.0,22800.0,1.0,22700.0,1,22600.0,1.0,22500.0,1.0,22400.0,1.0,22300.0,1.0,22200.0,1.0,22100.0,1.0,23100.0,1.0,23200.0,1.0,23300.0,1.0,23400.0,1.0,23500.0,1.0,23600.0,1.0,23700.0,1.0,23800.0,1.0,23900.0,1.0,24000.0,1.0
000629.SZ,2020-08-06,09:33:14,23000.0,0.1768707482993197,4068.0272108843537,23000.0,1.0,22900.0,1.0,22800.0,1.0,22700.0,1,22600.0,1.0,22500.0,1.0,22400.0,1.0,22300.0,1.0,22200.0,1.0,22100.0,1.0,23100.0,1.0,23200.0,1.0,23300.0,1.0,23400.0,1.0,23500.0,1.0,23600.0,1.0,23700.0,1.0,23800.0,1.0,23900.0,1.0,24000.0,1.0
000629.SZ,2020-08-06,09:33:15,23000.0,1.0,23000.0,23000.0,1.0,22900.0,1.0,22800.0,1.0,22700.0,1,22600.0,1.0,22500.0,1.0,22400.0,1.0,22300.0,1.0,22200.0,1.0,22100.0,1.0,23100.0,1.0,23200.0,1.0,23300.0,1.0,23400.0,1.0,23500.0,1.0,23600.0,1.0,23700.0,1.0,23800.0,1.0,23900.0,1.0,24000.0,1.0
000629.SZ,2020-08-06,09:33:16,23000.0,0.0761904761904762,1752.3809523809523,23000.0,1.0,22900.0,1.0,22800.0,1.0,22700.0,1,22600.0,1.0,22500.0,1.0,22400.0,1.0,22300.0,1.0,22200.0,1.0,22100.0,1.0,23100.0,1.0,23200.0,1.0,23300.0,1.0,23400.0,1.0,23500.0,1.0,23600.0,1.0,23700.0,1.0,23800.0,1.0,23900.0,1.0,24000.0,1.0
000629.SZ,2020-08-06,09:33:17,23000.0,0.2666666666666666,6160.0,23000.0,1.0,22900.0,1.0,22800.0,1.0,22700.0,1,22600.0,1.0,22500.0,1.0,22400.0,1.0,22300.0,1.0,22200.0,1.0,22100.0,1.0,23100.0,1.0,23200.0,1.0,23300.0,1.0,23400.0,1.0,23500.0,1.0,23600.0,1.0,23700.0,1.0,23800.0,1.0,23900.0,1.0,24000.0,1.0
000629.SZ,2020-08-06,09:33:18,23100.0,1.0,23000.0,23000.0,1.0,22900.0,1.0,22800.0,1.0,22700.0,1,22600.0,1.0,22500.0,1.0,22400.0,1.0,22300.0,1.0,22200.0,1.0,22100.0,1.0,23100.0,1.0,23200.0,1.0,23300.0,1.0,23400.0,1.0,23500.0,1.0,23600.0,1.0,23700.0,1.0,23800.0,1.0,23900.0,1.0,24000.0,1.0
000629.SZ,2020-08-06,09:33:19,23000.0,0.0,0.0,23000.0,1.0,22900.0,1.0,22800.0,1.0,22700.0,1,22600.0,1.0,22500.0,1.0,22400.0,1.0,22300.0,1.0,22200.0,1.0,22100.0,1.0,23100.0,1.0,23200.0,1.0,23300.0,1.0,23400.0,1.0,23500.0,1.0,23600.0,1.0,23700.0,1.0,23800.0,1.0,23900.0,1.0,24000.0,1.0
000629.SZ,2020-08-06,09:33:20,23000.0,0.2108843537414966,4870.585034013606,23000.0,1.0,22900.0,1.0,22800.0,1.0,22700.0,1,22600.0,1.0,22500.0,1.0,22400.0,1.0,22300.0,1.0,22200.0,1.0,22100.0,1.0,23100.0,1.0,23200.0,1.0,23300.0,1.0,23400.0,1.0,23500.0,1.0,23600.0,1.0,23700.0,1.0,23800.0,1.0,23900.0,1.0,24000.0,1.0
000629.SZ,2020-08-06,09:33:21,23000.0,0.0,0.0,23000.0,1.0,22900.0,1.0,22800.0,1.0,22700.0,1,22600.0,1.0,22500.0,1.0,22400.0,1.0,22300.0,1.0,22200.0,1.0,22100.0,1.0,23100.0,1.0,23200.0,1.0,23300.0,1.0,23400.0,1.0,23500.0,1.0,23600.0,1.0,23700.0,1.0,23800.0,1.0,23900.0,1.0,24000.0,1.0
000629.SZ,2020-08-06,09:33:22,23000.0,0.0312925170068027,719.7278911564626,23000.0,1.0,22900.0,1.0,22800.0,1.0,22700.0,1,22600.0,1.0,22500.0,1.0,22400.0,1.0,22300.0,1.0,22200.0,1.0,22100.0,1.0,23100.0,1.0,23200.0,1.0,23300.0,1.0,23400.0,1.0,23500.0,1.0,23600.0,1.0,23700.0,1.0,23800.0,1.0,23900.0,1.0,24000.0,1.0
000629.SZ,2020-08-06,09:33:23,23000.0,0.1591836734693877,3677.142857142857,23000.0,1.0,22900.0,1.0,22800.0,1.0,22700.0,1,22600.0,1.0,22500.0,1.0,22400.0,1.0,22300.0,1.0,22200.0,1.0,22100.0,1.0,23100.0,1.0,23200.0,1.0,23300.0,1.0,23400.0,1.0,23500.0,1.0,23600.0,1.0,23700.0,1.0,23800.0,1.0,23900.0,1.0,24000.0,1.0
000629.SZ,2020-08-06,09:33:24,23100.0,0.273469387755102,6289.795918367347,23000.0,1.0,22900.0,1.0,22800.0,1.0,22700.0,1,22600.0,1.0,22500.0,1.0,22400.0,1.0,22300.0,1.0,22200.0,1.0,22100.0,1.0,23100.0,1.0,23200.0,1.0,23300.0,1.0,23400.0,1.0,23500.0,1.0,23600.0,1.0,23700.0,1.0,23800.0,1.0,23900.0,1.0,24000.0,1.0
000629.SZ,2020-08-06,09:33:25,23000.0,0.1210884353741496,2785.0340136054424,23000.0,1.0,22900.0,1.0,22800.0,1.0,22700.0,1,22600.0,1.0,22500.0,1.0,22400.0,1.0,22300.0,1.0,22200.0,1.0,22100.0,1.0,23100.0,1.0,23200.0,1.0,23300.0,1.0,23400.0,1.0,23500.0,1.0,23600.0,1.0,23700.0,1.0,23800.0,1.0,23900.0,1.0,24000.0,1.0
000629.SZ,2020-08-06,09:33:26,23000.0,1.0,23000.0,23000.0,1.0,22900.0,1.0,22800.0,1.0,22700.0,1,22600.0,1.0,22500.0,1.0,22400.0,1.0,22300.0,1.0,22200.0,1.0,22100.0,1.0,23100.0,1.0,23200.0,1.0,23300.0,1.0,23400.0,1.0,23500.0,1.0,23600.0,1.0,23700.0,1.0,23800.0,1.0,23900.0,1.0,24000.0,1.0
000629.SZ,2020-08-06,09:33:27,23000.0,0.0,0.0,23000.0,1.0,22900.0,1.0,22800.0,1.0,22700.0,1,22600.0,1.0,22500.0,1.0,22400.0,1.0,22300.0,1.0,22200.0,1.0,22100.0,1.0,23100.0,1.0,23200.0,1.0,23300.0,1.0,23400.0,1.0,23500.0,1.0,23600.0,1.0,23700.0,1.0,23800.0,1.0,23900.0,1.0,24000.0,1.0
000629.SZ,2020-08-06,09:33:28,23000.0,0.0,0.0,23000.0,1.0,22900.0,1.0,22800.0,1.0,22700.0,1,22600.0,1.0,22500.0,1.0,22400.0,1.0,22300.0,1.0,22200.0,1.0,22100.0,1.0,23100.0,1.0,23200.0,1.0,23300.0,1.0,23400.0,1.0,23500.0,1.0,23600.0,1.0,23700.0,1.0,23800.0,1.0,23900.0,1.0,24000.0,1.0
000629.SZ,2020-08-06,09:33:29,23000.0,0.2530612244897959,5845.714285714285,23000.0,1.0,22900.0,1.0,22800.0,1.0,22700.0,1,22600.0,1.0,22500.0,1.0,22400.0,1.0,22300.0,1.0,22200.0,1.0,22100.0,1.0,23100.0,1.0,23200.0,1.0,23300.0,1.0,23400.0,1.0,23500.0,1.0,23600.0,1.0,23700.0,1.0,23800.0,1.0,23900.0,1.0,24000.0,1.0
000629.SZ,2020-08-06,09:33:30,23100.0,0.0,0.0,23000.0,1.0,22900.0,1.0,22800.0,1.0,22700.0,1,22600.0,1.0,22500.0,1.0,22400.0,1.0,22300.0,1.0,22200.0,1.0,22100.0,1.0,23100.0,1.0,23200.0,1.0,23300.0,1.0,23400.0,1.0,23500.0,1.0,23600.0,1.0,23700.0,1.0,23800.0,1.0,23900.0,1.0,24000.0,1.0
000629.SZ,2020-08-06,09:33:31,23100.0,0.0272108843537414,625.8503401360543,23000.0,1.0,22900.0,1.0,22800.0,1.0,22700.0,1,22600.0,1.0,22500.0,1.0,22400.0,1.0,22300.0,1.0,22200.0,1.0,22100.0,1.0,23100.0,1.0,23200.0,1.0,23300.0,1.0,23400.0,1.0,23500.0,1.0,23600.0,1.0,23700.0,1.0,23800.0,1.0,23900.0,1.0,24000.0,1.0
000629.SZ,2020-08-06,09:33:32,23000.0,0.0285714285714285,659.8571428571429,23000.0,1.0,22900.0,1.0,22800.0,1.0,22700.0,1,22600.0,1.0,22500.0,1.0,22400.0,1.0,22300.0,1.0,22200.0,1.0,22100.0,1.0,23100.0,1.0,23200.0,1.0,23300.0,1.0,23400.0,1.0,23500.0,1.0,23600.0,1.0,23700.0,1.0,23800.0,1.0,23900.0,1.0,24000.0,1.0
000629.SZ,2020-08-06,09:33:33,23100.0,0.2285714285714285,5259.428571428572,23000.0,1.0,22900.0,1.0,22800.0,1.0,22700.0,1,22600.0,1.0,22500.0,1.0,22400.0,1.0,22300.0,1.0,22200.0,1.0,22100.0,1.0,23100.0,1.0,23200.0,1.0,23300.0,1.0,23400.0,1.0,23500.0,1.0,23600.0,1.0,23700.0,1.0,23800.0,1.0,23900.0,1.0,24000.0,1.0
000629.SZ,2020-08-06,09:33:34,23000.0,1.0,23000.0,23000.0,1.0,22900.0,1.0,22800.0,1.0,22700.0,1,22600.0,1.0,22500.0,1.0,22400.0,1.0,22300.0,1.0,22200.0,1.0,22100.0,1.0,23100.0,1.0,23200.0,1.0,23300.0,1.0,23400.0,1.0,23500.0,1.0,23600.0,1.0,23700.0,1.0,23800.0,1.0,23900.0,1.0,24000.0,1.0
000629.SZ,2020-08-06,09:33:35,23000.0,0.0,0.0,23000.0,1.0,22900.0,1.0,22800.0,1.0,22700.0,1,22600.0,1.0,22500.0,1.0,22400.0,1.0,22300.0,1.0,22200.0,1.0,22100.0,1.0,23100.0,1.0,23200.0,1.0,23300.0,1.0,23400.0,1.0,23500.0,1.0,23600.0,1.0,23700.0,1.0,23800.0,1.0,23900.0,1.0,24000.0,1.0
000629.SZ,2020-08-06,09:33:36,23000.0,0.1360544217687075,3129.2517006802723,23000.0,1.0,22900.0,1.0,22800.0,1.0,22700.0,1,22600.0,1.0,22500.0,1.0,22400.0,1.0,22300.0,1.0,22200.0,1.0,22100.0,1.0,23100.0,1.0,23200.0,1.0,23300.0,1.0,23400.0,1.0,23500.0,1.0,23600.0,1.0,23700.0,1.0,23800.0,1.0,23900.0,1.0,24000.0,1.0
000629.SZ,2020-08-06,09:33:37,23000.0,0.001360544217687,31.29251700680272,23000.0,1.0,22900.0,1.0,22800.0,1.0,22700.0,1,22600.0,1.0,22500.0,1.0,22400.0,1.0,22300.0,1.0,22200.0,1.0,22100.0,1.0,23100.0,1.0,23200.0,1.0,23300.0,1.0,23400.0,1.0,23500.0,1.0,23600.0,1.0,23700.0,1.0,23800.0,1.0,23900.0,1.0,24000.0,1.0
000629.SZ,2020-08-06,09:33:38,23000.0,0.0,0.0,23000.0,1.0,22900.0,1.0,22800.0,1.0,22700.0,1,22600.0,1.0,22500.0,1.0,22400.0,1.0,22300.0,1.0,22200.0,1.0,22100.0,1.0,23100.0,1.0,23200.0,1.0,23300.0,1.0,23400.0,1.0,23500.0,1.0,23600.0,1.0,23700.0,1.0,23800.0,1.0,23900.0,1.0,24000.0,1.0
000629.SZ,2020-08-06,09:33:39,23000.0,0.0353741496598639,813.6054421768708,23000.0,1.0,22900.0,1.0,22800.0,1.0,22700.0,1,22600.0,1.0,22500.0,1.0,22400.0,1.0,22300.0,1.0,22200.0,1.0,22100.0,1.0,23100.0,1.0,23200.0,1.0,23300.0,1.0,23400.0,1.0,23500.0,1.0,23600.0,1.0,23700.0,1.0,23800.0,1.0,23900.0,1.0,24000.0,1.0
000629.SZ,2020-08-06,09:33:40,23000.0,1.0,23000.0,23000.0,1.0,22900.0,1.0,22800.0,1.0,22700.0,1,22600.0,1.0,22500.0,1.0,22400.0,1.0,22300.0,1.0,22200.0,1.0,22100.0,1.0,23100.0,1.0,23200.0,1.0,23300.0,1.0,23400.0,1.0,23500.0,1.0,23600.0,1.0,23700.0,1.0,23800.0,1.0,23900.0,1.0,24000.0,1.0
000629.SZ,2020-08-06,09:33:41,23000.0,0.0299319727891156,691.4285714285714,23000.0,1.0,22900.0,1.0,22800.0,1.0,22700.0,1,22600.0,1.0,22500.0,1.0,22400.0,1.0,22300.0,1.0,22200.0,1.0,22100.0,1.0,23100.0,1.0,23200.0,1.0,23300.0,1.0,23400.0,1.0,23500.0,1.0,23600.0,1.0,23700.0,1.0,23800.0,1.0,23900.0,1.0,24000.0,1.0
000629.SZ,2020-08-06,09:33:42,23100.0,0.1387755102040816,3205.436734693877,23000.0,1.0,22900.0,1.0,22800.0,1.0,22700.0,1,22600.0,1.0,22500.0,1.0,22400.0,1.0,22300.0,1.0,22200.0,1.0,22100.0,1.0,23100.0,1.0,23200.0,1.0,23300.0,1.0,23400.0,1.0,23500.0,1.0,23600.0,1.0,23700.0,1.0,23800.0,1.0,23900.0,1.0,24000.0,1.0
000629.SZ,2020-08-06,09:33:43,23000.0,0.0027210884353741,62.58503401360544,23000.0,1.0,22900.0,1.0,22800.0,1.0,22700.0,1,22600.0,1.0,22500.0,1.0,22400.0,1.0,22300.0,1.0,22200.0,1.0,22100.0,1.0,23100.0,1.0,23200.0,1.0,23300.0,1.0,23400.0,1.0,23500.0,1.0,23600.0,1.0,23700.0,1.0,23800.0,1.0,23900.0,1.0,24000.0,1.0
000629.SZ,2020-08-06,09:33:44,23000.0,0.2136054421768707,4919.119727891157,23000.0,1.0,22900.0,1.0,22800.0,1.0,22700.0,1,22600.0,1.0,22500.0,1.0,22400.0,1.0,22300.0,1.0,22200.0,1.0,22100.0,1.0,23100.0,1.0,23200.0,1.0,23300.0,1.0,23400.0,1.0,23500.0,1.0,23600.0,1.0,23700.0,1.0,23800.0,1.0,23900.0,1.0,24000.0,1.0
000629.SZ,2020-08-06,09:33:45,23000.0,0.0,0.0,23000.0,1.0,22900.0,1.0,22800.0,1.0,22700.0,1,22600.0,1.0,22500.0,1.0,22400.0,1.0,22300.0,1.0,22200.0,1.0,22100.0,1.0,23100.0,1.0,23200.0,1.0,23300.0,1.0,23400.0,1.0,23500.0,1.0,23600.0,1.0,23700.0,1.0,23800.0,1.0,23900.0,1.0,24000.0,1.0
000629.SZ,2020-08-06,09:33:46,23000.0,0.0,0.0,23000.0,1.0,22900.0,1.0,22800.0,1.0,22700.0,1,22600.0,1.0,22500.0,1.0,22400.0,1.0,22300.0,1.0,22200.0,1.0,22100.0,1.0,23100.0,1.0,23200.0,1.0,23300.0,1.0,23400.0,1.0,23500.0,1.0,23600.0,1.0,23700.0,1.0,23800.0,1.0,23900.0,1.0,24000.0,1.0
000629.SZ,2020-08-06,09:33:47,23000.0,0.0,0.0,23000.0,1.0,22900.0,1.0,22800.0,1.0,22700.0,1,22600.0,1.0,22500.0,1.0,22400.0,1.0,22300.0,1.0,22200.0,1.0,22100.0,1.0,23100.0,1.0,23200.0,1.0,23300.0,1.0,23400.0,1.0,23500.0,1.0,23600.0,1.0,23700.0,1.0,23800.0,1.0,23900.0,1.0,24000.0,1.0
000629.SZ,2020-08-06,09:33:48,23000.0,0.4761904761904761,10952.380952380952,23000.0,1.0,22900.0,1.0,22800.0,1.0,22700.0,1,22600.0,1.0,22500.0,1.0,22400.0,1.0,22300.0,1.0,22200.0,1.0,22100.0,1.0,23100.0,1.0,23200.0,1.0,23300.0,1.0,23400.0,1.0,23500.0,1.0,23600.0,1.0,23700.0,1.0,23800.0,1.0,23900.0,1.0,24000.0,1.0
000629.SZ,2020-08-06,09:33:49,23000.0,0.0789115646258503,1815.9918367346936,23000.0,1.0,22900.0,1.0,22800.0,1.0,22700.0,1,22600.0,1.0,22500.0,1.0,22400.0,1.0,22300.0,1.0,22200.0,1.0,22100.0,1.0,23100.0,1.0,23200.0,1.0,23300.0,1.0,23400.0,1.0,23500.0,1.0,23600.0,1.0,23700.0,1.0,23800.0,1.0,23900.0,1.0,24000.0,1.0
000629.SZ,2020-08-06,09:33:50,23000.0,0.2761904761904762,6352.380952380953,23000.0,1.0,22900.0,1.0,22800.0,1.0,22700.0,1,22600.0,1.0,22500.0,1.0,22400.0,1.0,22300.0,1.0,22200.0,1.0,22100.0,1.0,23100.0,1.0,23200.0,1.0,23300.0,1.0,23400.0,1.0,23500.0,1.0,23600.0,1.0,23700.0,1.0,23800.0,1.0,23900.0,1.0,24000.0,1.0
000629.SZ,2020-08-06,09:33:51,23000.0,0.1360544217687075,3129.2517006802723,23000.0,1.0,22900.0,1.0,22800.0,1.0,22700.0,1,22600.0,1.0,22500.0,1.0,22400.0,1.0,22300.0,1.0,22200.0,1.0,22100.0,1.0,23100.0,1.0,23200.0,1.0,23300.0,1.0,23400.0,1.0,23500.0,1.0,23600.0,1.0,23700.0,1.0,23800.0,1.0,23900.0,1.0,24000.0,1.0
000629.SZ,2020-08-06,09:33:52,23000.0,0.0,0.0,23000.0,1.0,22900.0,1.0,22800.0,1.0,22700.0,1,22600.0,1.0,22500.0,1.0,22400.0,1.0,22300.0,1.0,22200.0,1.0,22100.0,1.0,23100.0,1.0,23200.0,1.0,23300.0,1.0,23400.0,1.0,23500.0,1.0,23600.0,1.0,23700.0,1.0,23800.0,1.0,23900.0,1.0,24000.0,1.0
000629.SZ,2020-08-06,09:33:53,23000.0,0.4081632653061224,9387.755102040815,23000.0,1.0,22900.0,1.0,22800.0,1.0,22700.0,1,22600.0,1.0,22500.0,1.0,22400.0,1.0,22300.0,1.0,22200.0,1.0,22100.0,1.0,23100.0,1.0,23200.0,1.0,23300.0,1.0,23400.0,1.0,23500.0,1.0,23600.0,1.0,23700.0,1.0,23800.0,1.0,23900.0,1.0,24000.0,1.0
000629.SZ,2020-08-06,09:33:54,23000.0,0.545578231292517,12548.299319727892,23000.0,1.0,22900.0,1.0,22800.0,1.0,22700.0,1,22600.0,1.0,22500.0,1.0,22400.0,1.0,22300.0,1.0,22200.0,1.0,22100.0,1.0,23100.0,1.0,23200.0,1.0,23300.0,1.0,23400.0,1.0,23500.0,1.0,23600.0,1.0,23700.0,1.0,23800.0,1.0,23900.0,1.0,24000.0,1.0
000629.SZ,2020-08-06,09:33:55,23000.0,0.0,0.0,23000.0,1.0,22900.0,1.0,22800.0,1.0,22700.0,1,22600.0,1.0,22500.0,1.0,22400.0,1.0,22300.0,1.0,22200.0,1.0,22100.0,1.0,23100.0,1.0,23200.0,1.0,23300.0,1.0,23400.0,1.0,23500.0,1.0,23600.0,1.0,23700.0,1.0,23800.0,1.0,23900.0,1.0,24000.0,1.0
000629.SZ,2020-08-06,09:33:56,23000.0,0.0122448979591836,281.63265306122446,23000.0,1.0,22900.0,1.0,22800.0,1.0,22700.0,1,22600.0,1.0,22500.0,1.0,22400.0,1.0,22300.0,1.0,22200.0,1.0,22100.0,1.0,23100.0,1.0,23200.0,1.0,23300.0,1.0,23400.0,1.0,23500.0,1.0,23600.0,1.0,23700.0,1.0,23800.0,1.0,23900.0,1.0,24000.0,1.0
000629.SZ,2020-08-06,09:33:57,23000.0,0.0027210884353741,62.85714285714285,23000.0,1.0,22900.0,1.0,22800.0,1.0,22700.0,1,22600.0,1.0,22500.0,1.0,22400.0,1.0,22300.0,1.0,22200.0,1.0,22100.0,1.0,23100.0,1.0,23200.0,1.0,23300.0,1.0,23400.0,1.0,23500.0,1.0,23600.0,1.0,23700.0,1.0,23800.0,1.0,23900.0,1.0,24000.0,1.0
000629.SZ,2020-08-06,09:33:58,23100.0,0.0,0.0,23000.0,1.0,22900.0,1.0,22800.0,1.0,22700.0,1,22600.0,1.0,22500.0,1.0,22400.0,1.0,22300.0,1.0,22200.0,1.0,22100.0,1.0,23100.0,1.0,23200.0,1.0,23300.0,1.0,23400.0,1.0,23500.0,1.0,23600.0,1.0,23700.0,1.0,23800.0,1.0,23900.0,1.0,24000.0,1.0
000629.SZ,2020-08-06,09:33:59,23100.0,0.0,0.0,23000.0,1.0,22900.0,1.0,22800.0,1.0,22700.0,1,22600.0,1.0,22500.0,1.0,22400.0,1.0,22300.0,1.0,22200.0,1.0,22100.0,1.0,23100.0,1.0,23200.0,1.0,23300.0,1.0,23400.0,1.0,23500.0,1.0,23600.0,1.0,23700.0,1.0,23800.0,1.0,23900.0,1.0,24000.0,1.0
000629.SZ,2020-08-06,09:34:00,23100.0,0.0,0.0,23000.0,1.0,22900.0,1.0,22800.0,1.0,22700.0,1,22600.0,1.0,22500.0,1.0,22400.0,1.0,22300.0,1.0,22200.0,1.0,22100.0,1.0,23100.0,1.0,23200.0,1.0,23300.0,1.0,23400.0,1.0,23500.0,1.0,23600.0,1.0,23700.0,1.0,23800.0,1.0,23900.0,1.0,24000.0,1.0
000629.SZ,2020-08-06,09:34:01,23100.0,0.0136054421768707,314.2857142857143,23000.0,1.0,22900.0,1.0,22800.0,1.0,22700.0,1,22600.0,1.0,22500.0,1.0,22400.0,1.0,22300.0,1.0,22200.0,1.0,22100.0,1.0,23100.0,1.0,23200.0,1.0,23300.0,1.0,23400.0,1.0,23500.0,1.0,23600.0,1.0,23700.0,1.0,23800.0,1.0,23900.0,1.0,24000.0,1.0
000629.SZ,2020-08-06,09:34:02,23100.0,0.0204081632653061,471.4285714285714,23000.0,1.0,22900.0,1.0,22800.0,1.0,22700.0,1,22600.0,1.0,22500.0,1.0,22400.0,1.0,22300.0,1.0,22200.0,1.0,22100.0,1.0,23100.0,1.0,23200.0,1.0,23300.0,1.0,23400.0,1.0,23500.0,1.0,23600.0,1.0,23700.0,1.0,23800.0,1.0,23900.0,1.0,24000.0,1.0
000629.SZ,2020-08-06,09:34:03,23100.0,0.0,0.0,23000.0,1.0,22900.0,1.0,22800.0,1.0,22700.0,1,22600.0,1.0,22500.0,1.0,22400.0,1.0,22300.0,1.0,22200.0,1.0,22100.0,1.0,23100.0,1.0,23200.0,1.0,23300.0,1.0,23400.0,1.0,23500.0,1.0,23600.0,1.0,23700.0,1.0,23800.0,1.0,23900.0,1.0,24000.0,1.0
000629.SZ,2020-08-06,09:34:04,23100.0,0.0,0.0,23000.0,1.0,22900.0,1.0,22800.0,1.0,22700.0,1,22600.0,1.0,22500.0,1.0,22400.0,1.0,22300.0,1.0,22200.0,1.0,22100.0,1.0,23100.0,1.0,23200.0,1.0,23300.0,1.0,23400.0,1.0,23500.0,1.0,23600.0,1.0,23700.0,1.0,23800.0,1.0,23900.0,1.0,24000.0,1.0
000629.SZ,2020-08-06,09:34:05,23100.0,0.0176870748299319,408.4299319727892,23000.0,1.0,22900.0,1.0,22800.0,1.0,22700.0,1,22600.0,1.0,22500.0,1.0,22400.0,1.0,22300.0,1.0,22200.0,1.0,22100.0,1.0,23100.0,1.0,23200.0,1.0,23300.0,1.0,23400.0,1.0,23500.0,1.0,23600.0,1.0,23700.0,1.0,23800.0,1.0,23900.0,1.0,24000.0,1.0
000629.SZ,2020-08-06,09:34:06,23000.0,0.0,0.0,23000.0,1.0,22900.0,1.0,22800.0,1.0,22700.0,1,22600.0,1.0,22500.0,1.0,22400.0,1.0,22300.0,1.0,22200.0,1.0,22100.0,1.0,23100.0,1.0,23200.0,1.0,23300.0,1.0,23400.0,1.0,23500.0,1.0,23600.0,1.0,23700.0,1.0,23800.0,1.0,23900.0,1.0,24000.0,1.0
000629.SZ,2020-08-06,09:34:07,23000.0,0.0,0.0,23000.0,1.0,22900.0,1.0,22800.0,1.0,22700.0,1,22600.0,1.0,22500.0,1.0,22400.0,1.0,22300.0,1.0,22200.0,1.0,22100.0,1.0,23100.0,1.0,23200.0,1.0,23300.0,1.0,23400.0,1.0,23500.0,1.0,23600.0,1.0,23700.0,1.0,23800.0,1.0,23900.0,1.0,24000.0,1.0
000629.SZ,2020-08-06,09:34:08,23000.0,0.0068027210884353,157.14285714285714,23000.0,1.0,22900.0,1.0,22800.0,1.0,22700.0,1,22600.0,1.0,22500.0,1.0,22400.0,1.0,22300.0,1.0,22200.0,1.0,22100.0,1.0,23100.0,1.0,23200.0,1.0,23300.0,1.0,23400.0,1.0,23500.0,1.0,23600.0,1.0,23700.0,1.0,23800.0,1.0,23900.0,1.0,24000.0,1.0
000629.SZ,2020-08-06,09:34:09,23100.0,0.145578231292517,3361.838095238096,23000.0,1.0,22900.0,1.0,22800.0,1.0,22700.0,1,22600.0,1.0,22500.0,1.0,22400.0,1.0,22300.0,1.0,22200.0,1.0,22100.0,1.0,23100.0,1.0,23200.0,1.0,23300.0,1.0,23400.0,1.0,23500.0,1.0,23600.0,1.0,23700.0,1.0,23800.0,1.0,23900.0,1.0,24000.0,1.0
000629.SZ,2020-08-06,09:34:10,23000.0,0.0,0.0,23000.0,1.0,22900.0,1.0,22800.0,1.0,22700.0,1,22600.0,1.0,22500.0,1.0,22400.0,1.0,22300.0,1.0,22200.0,1.0,22100.0,1.0,23100.0,1.0,23200.0,1.0,23300.0,1.0,23400.0,1.0,23500.0,1.0,23600.0,1.0,23700.0,1.0,23800.0,1.0,23900.0,1.0,24000.0,1.0
000629.SZ,2020-08-06,09:34:11,23000.0,0.0,0.0,23000.0,1.0,22900.0,1.0,22800.0,1.0,22700.0,1,22600.0,1.0,22500.0,1.0,22400.0,1.0,22300.0,1.0,22200.0,1.0,22100.0,1.0,23100.0,1.0,23200.0,1.0,23300.0,1.0,23400.0,1.0,23500.0,1.0,23600.0,1.0,23700.0,1.0,23800.0,1.0,23900.0,1.0,24000.0,1.0
000629.SZ,2020-08-06,09:34:12,23000.0,0.0,0.0,23000.0,1.0,22900.0,1.0,22800.0,1.0,22700.0,1,22600.0,1.0,22500.0,1.0,22400.0,1.0,22300.0,1.0,22200.0,1.0,22100.0,1.0,23100.0,1.0,23200.0,1.0,23300.0,1.0,23400.0,1.0,23500.0,1.0,23600.0,1.0,23700.0,1.0,23800.0,1.0,23900.0,1.0,24000.0,1.0
000629.SZ,2020-08-06,09:34:13,23000.0,0.0068027210884353,157.14285714285714,23000.0,1.0,22900.0,1.0,22800.0,1.0,22700.0,1,22600.0,1.0,22500.0,1.0,22400.0,1.0,22300.0,1.0,22200.0,1.0,22100.0,1.0,23100.0,1.0,23200.0,1.0,23300.0,1.0,23400.0,1.0,23500.0,1.0,23600.0,1.0,23700.0,1.0,23800.0,1.0,23900.0,1.0,24000.0,1.0
000629.SZ,2020-08-06,09:34:14,23100.0,0.0,0.0,23000.0,1.0,22900.0,1.0,22800.0,1.0,22700.0,1,22600.0,1.0,22500.0,1.0,22400.0,1.0,22300.0,1.0,22200.0,1.0,22100.0,1.0,23100.0,1.0,23200.0,1.0,23300.0,1.0,23400.0,1.0,23500.0,1.0,23600.0,1.0,23700.0,1.0,23800.0,1.0,23900.0,1.0,24000.0,1.0
000629.SZ,2020-08-06,09:34:15,23100.0,0.0,0.0,23000.0,1.0,22900.0,1.0,22800.0,1.0,22700.0,1,22600.0,1.0,22500.0,1.0,22400.0,1.0,22300.0,1.0,22200.0,1.0,22100.0,1.0,23100.0,1.0,23200.0,1.0,23300.0,1.0,23400.0,1.0,23500.0,1.0,23600.0,1.0,23700.0,1.0,23800.0,1.0,23900.0,1.0,24000.0,1.0
000629.SZ,2020-08-06,09:34:16,23100.0,0.0,0.0,23000.0,1.0,22900.0,1.0,22800.0,1.0,22700.0,1,22600.0,1.0,22500.0,1.0,22400.0,1.0,22300.0,1.0,22200.0,1.0,22100.0,1.0,23100.0,1.0,23200.0,1.0,23300.0,1.0,23400.0,1.0,23500.0,1.0,23600.0,1.0,23700.0,1.0,23800.0,1.0,23900.0,1.0,24000.0,1.0
000629.SZ,2020-08-06,09:34:17,23100.0,0.0870748299319727,2011.4285714285716,23000.0,1.0,22900.0,1.0,22800.0,1.0,22700.0,1,22600.0,1.0,22500.0,1.0,22400.0,1.0,22300.0,1.0,22200.0,1.0,22100.0,1.0,23100.0,1.0,23200.0,1.0,23300.0,1.0,23400.0,1.0,23500.0,1.0,23600.0,1.0,23700.0,1.0,23800.0,1.0,23900.0,1.0,24000.0,1.0
000629.SZ,2020-08-06,09:34:18,23100.0,0.0136054421768707,312.9251700680272,23000.0,1.0,22900.0,1.0,22800.0,1.0,22700.0,1,22600.0,1.0,22500.0,1.0,22400.0,1.0,22300.0,1.0,22200.0,1.0,22100.0,1.0,23100.0,1.0,23200.0,1.0,23300.0,1.0,23400.0,1.0,23500.0,1.0,23600.0,1.0,23700.0,1.0,23800.0,1.0,23900.0,1.0,24000.0,1.0
000629.SZ,2020-08-06,09:34:19,23000.0,0.0979591836734693,2262.8571428571427,23000.0,1.0,22900.0,1.0,22800.0,1.0,22700.0,1,22600.0,1.0,22500.0,1.0,22400.0,1.0,22300.0,1.0,22200.0,1.0,22100.0,1.0,23100.0,1.0,23200.0,1.0,23300.0,1.0,23400.0,1.0,23500.0,1.0,23600.0,1.0,23700.0,1.0,23800.0,1.0,23900.0,1.0,24000.0,1.0
000629.SZ,2020-08-06,09:34:20,23100.0,0.1360544217687075,3142.857142857143,23000.0,1.0,22900.0,1.0,22800.0,1.0,22700.0,1,22600.0,1.0,22500.0,1.0,22400.0,1.0,22300.0,1.0,22200.0,1.0,22100.0,1.0,23100.0,1.0,23200.0,1.0,23300.0,1.0,23400.0,1.0,23500.0,1.0,23600.0,1.0,23700.0,1.0,23800.0,1.0,23900.0,1.0,24000.0,1.0
000629.SZ,2020-08-06,09:34:21,23100.0,0.0448979591836734,1032.6530612244896,23000.0,1.0,22900.0,1.0,22800.0,1.0,22700.0,1,22600.0,1.0,22500.0,1.0,22400.0,1.0,22300.0,1.0,22200.0,1.0,22100.0,1.0,23100.0,1.0,23200.0,1.0,23300.0,1.0,23400.0,1.0,23500.0,1.0,23600.0,1.0,23700.0,1.0,23800.0,1.0,23900.0,1.0,24000.0,1.0
000629.SZ,2020-08-06,09:34:22,23000.0,0.0,0.0,23000.0,1.0,22900.0,1.0,22800.0,1.0,22700.0,1,22600.0,1.0,22500.0,1.0,22400.0,1.0,22300.0,1.0,22200.0,1.0,22100.0,1.0,23100.0,1.0,23200.0,1.0,23300.0,1.0,23400.0,1.0,23500.0,1.0,23600.0,1.0,23700.0,1.0,23800.0,1.0,23900.0,1.0,24000.0,1.0
000629.SZ,2020-08-06,09:34:23,23000.0,0.0,0.0,23000.0,1.0,22900.0,1.0,22800.0,1.0,22700.0,1,22600.0,1.0,22500.0,1.0,22400.0,1.0,22300.0,1.0,22200.0,1.0,22100.0,1.0,23100.0,1.0,23200.0,1.0,23300.0,1.0,23400.0,1.0,23500.0,1.0,23600.0,1.0,23700.0,1.0,23800.0,1.0,23900.0,1.0,24000.0,1.0
000629.SZ,2020-08-06,09:34:24,23000.0,0.236734693877551,5444.897959183673,23000.0,1.0,22900.0,1.0,22800.0,1.0,22700.0,1,22600.0,1.0,22500.0,1.0,22400.0,1.0,22300.0,1.0,22200.0,1.0,22100.0,1.0,23100.0,1.0,23200.0,1.0,23300.0,1.0,23400.0,1.0,23500.0,1.0,23600.0,1.0,23700.0,1.0,23800.0,1.0,23900.0,1.0,24000.0,1.0
000629.SZ,2020-08-06,09:34:25,23000.0,0.4122448979591837,9481.632653061224,23000.0,1.0,22900.0,1.0,22800.0,1.0,22700.0,1,22600.0,1.0,22500.0,1.0,22400.0,1.0,22300.0,1.0,22200.0,1.0,22100.0,1.0,23100.0,1.0,23200.0,1.0,23300.0,1.0,23400.0,1.0,23500.0,1.0,23600.0,1.0,23700.0,1.0,23800.0,1.0,23900.0,1.0,24000.0,1.0
000629.SZ,2020-08-06,09:34:26,23000.0,0.0,0.0,23000.0,1.0,22900.0,1.0,22800.0,1.0,22700.0,1,22600.0,1.0,22500.0,1.0,22400.0,1.0,22300.0,1.0,22200.0,1.0,22100.0,1.0,23100.0,1.0,23200.0,1.0,23300.0,1.0,23400.0,1.0,23500.0,1.0,23600.0,1.0,23700.0,1.0,23800.0,1.0,23900.0,1.0,24000.0,1.0
000629.SZ,2020-08-06,09:34:27,23000.0,0.001360544217687,31.29251700680272,23000.0,1.0,22900.0,1.0,22800.0,1.0,22700.0,1,22600.0,1.0,22500.0,1.0,22400.0,1.0,22300.0,1.0,22200.0,1.0,22100.0,1.0,23100.0,1.0,23200.0,1.0,23300.0,1.0,23400.0,1.0,23500.0,1.0,23600.0,1.0,23700.0,1.0,23800.0,1.0,23900.0,1.0,24000.0,1.0
000629.SZ,2020-08-06,09:34:28,23000.0,0.2040816326530612,4693.877551020409,23000.0,1.0,22900.0,1.0,22800.0,1.0,22700.0,1,22600.0,1.0,22500.0,1.0,22400.0,1.0,22300.0,1.0,22200.0,1.0,22100.0,1.0,23100.0,1.0,23200.0,1.0,23300.0,1.0,23400.0,1.0,23500.0,1.0,23600.0,1.0,23700.0,1.0,23800.0,1.0,23900.0,1.0,24000.0,1.0
000629.SZ,2020-08-06,09:34:29,23000.0,0.001360544217687,31.428571428571427,23000.0,1.0,22900.0,1.0,22800.0,1.0,22700.0,1,22600.0,1.0,22500.0,1.0,22400.0,1.0,22300.0,1.0,22200.0,1.0,22100.0,1.0,23100.0,1.0,23200.0,1.0,23300.0,1.0,23400.0,1.0,23500.0,1.0,23600.0,1.0,23700.0,1.0,23800.0,1.0,23900.0,1.0,24000.0,1.0
000629.SZ,2020-08-06,09:34:30,23100.0,0.0163265306122449,377.1428571428572,23000.0,1.0,22900.0,1.0,22800.0,1.0,22700.0,1,22600.0,1.0,22500.0,1.0,22400.0,1.0,22300.0,1.0,22200.0,1.0,22100.0,1.0,23100.0,1.0,23200.0,1.0,23300.0,1.0,23400.0,1.0,23500.0,1.0,23600.0,1.0,23700.0,1.0,23800.0,1.0,23900.0,1.0,24000.0,1.0
000629.SZ,2020-08-06,09:34:31,23100.0,0.0870748299319727,2002.721088435374,23000.0,1.0,22900.0,1.0,22800.0,1.0,22700.0,1,22600.0,1.0,22500.0,1.0,22400.0,1.0,22300.0,1.0,22200.0,1.0,22100.0,1.0,23100.0,1.0,23200.0,1.0,23300.0,1.0,23400.0,1.0,23500.0,1.0,23600.0,1.0,23700.0,1.0,23800.0,1.0,23900.0,1.0,24000.0,1.0
000629.SZ,2020-08-06,09:34:32,23000.0,0.0272108843537414,628.5714285714286,23000.0,1.0,22900.0,1.0,22800.0,1.0,22700.0,1,22600.0,1.0,22500.0,1.0,22400.0,1.0,22300.0,1.0,22200.0,1.0,22100.0,1.0,23100.0,1.0,23200.0,1.0,23300.0,1.0,23400.0,1.0,23500.0,1.0,23600.0,1.0,23700.0,1.0,23800.0,1.0,23900.0,1.0,24000.0,1.0
000629.SZ,2020-08-06,09:34:33,23100.0,0.0,0.0,23000.0,1.0,22900.0,1.0,22800.0,1.0,22700.0,1,22600.0,1.0,22500.0,1.0,22400.0,1.0,22300.0,1.0,22200.0,1.0,22100.0,1.0,23100.0,1.0,23200.0,1.0,23300.0,1.0,23400.0,1.0,23500.0,1.0,23600.0,1.0,23700.0,1.0,23800.0,1.0,23900.0,1.0,24000.0,1.0
000629.SZ,2020-08-06,09:34:34,23100.0,0.0,0.0,23000.0,1.0,22900.0,1.0,22800.0,1.0,22700.0,1,22600.0,1.0,22500.0,1.0,22400.0,1.0,22300.0,1.0,22200.0,1.0,22100.0,1.0,23100.0,1.0,23200.0,1.0,23300.0,1.0,23400.0,1.0,23500.0,1.0,23600.0,1.0,23700.0,1.0,23800.0,1.0,23900.0,1.0,24000.0,1.0
000629.SZ,2020-08-06,09:34:35,23100.0,0.272108843537415,6285.714285714286,23000.0,1.0,22900.0,1.0,22800.0,1.0,22700.0,1,22600.0,1.0,22500.0,1.0,22400.0,1.0,22300.0,1.0,22200.0,1.0,22100.0,1.0,23100.0,1.0,23200.0,1.0,23300.0,1.0,23400.0,1.0,23500.0,1.0,23600.0,1.0,23700.0,1.0,23800.0,1.0,23900.0,1.0,24000.0,1.0
000629.SZ,2020-08-06,09:34:36,23100.0,0.0,0.0,23000.0,1.0,22900.0,1.0,22800.0,1.0,22700.0,1,22600.0,1.0,22500.0,1.0,22400.0,1.0,22300.0,1.0,22200.0,1.0,22100.0,1.0,23100.0,1.0,23200.0,1.0,23300.0,1.0,23400.0,1.0,23500.0,1.0,23600.0,1.0,23700.0,1.0,23800.0,1.0,23900.0,1.0,24000.0,1.0
000629.SZ,2020-08-06,09:34:37,23100.0,0.0,0.0,23000.0,1.0,22900.0,1.0,22800.0,1.0,22700.0,1,22600.0,1.0,22500.0,1.0,22400.0,1.0,22300.0,1.0,22200.0,1.0,22100.0,1.0,23100.0,1.0,23200.0,1.0,23300.0,1.0,23400.0,1.0,23500.0,1.0,23600.0,1.0,23700.0,1.0,23800.0,1.0,23900.0,1.0,24000.0,1.0
000629.SZ,2020-08-06,09:34:38,23100.0,0.0149659863945578,344.21768707482994,23000.0,1.0,22900.0,1.0,22800.0,1.0,22700.0,1,22600.0,1.0,22500.0,1.0,22400.0,1.0,22300.0,1.0,22200.0,1.0,22100.0,1.0,23100.0,1.0,23200.0,1.0,23300.0,1.0,23400.0,1.0,23500.0,1.0,23600.0,1.0,23700.0,1.0,23800.0,1.0,23900.0,1.0,24000.0,1.0
000629.SZ,2020-08-06,09:34:39,23000.0,0.0,0.0,23000.0,1.0,22900.0,1.0,22800.0,1.0,22700.0,1,22600.0,1.0,22500.0,1.0,22400.0,1.0,22300.0,1.0,22200.0,1.0,22100.0,1.0,23100.0,1.0,23200.0,1.0,23300.0,1.0,23400.0,1.0,23500.0,1.0,23600.0,1.0,23700.0,1.0,23800.0,1.0,23900.0,1.0,24000.0,1.0
000629.SZ,2020-08-06,09:34:40,23000.0,0.019047619047619,438.0952380952381,23000.0,1.0,22900.0,1.0,22800.0,1.0,22700.0,1,22600.0,1.0,22500.0,1.0,22400.0,1.0,22300.0,1.0,22200.0,1.0,22100.0,1.0,23100.0,1.0,23200.0,1.0,23300.0,1.0,23400.0,1.0,23500.0,1.0,23600.0,1.0,23700.0,1.0,23800.0,1.0,23900.0,1.0,24000.0,1.0
000629.SZ,2020-08-06,09:34:41,23000.0,0.3768707482993197,8705.714285714286,23000.0,1.0,22900.0,1.0,22800.0,1.0,22700.0,1,22600.0,1.0,22500.0,1.0,22400.0,1.0,22300.0,1.0,22200.0,1.0,22100.0,1.0,23100.0,1.0,23200.0,1.0,23300.0,1.0,23400.0,1.0,23500.0,1.0,23600.0,1.0,23700.0,1.0,23800.0,1.0,23900.0,1.0,24000.0,1.0
000629.SZ,2020-08-06,09:34:42,23100.0,0.0,0.0,23000.0,1.0,22900.0,1.0,22800.0,1.0,22700.0,1,22600.0,1.0,22500.0,1.0,22400.0,1.0,22300.0,1.0,22200.0,1.0,22100.0,1.0,23100.0,1.0,23200.0,1.0,23300.0,1.0,23400.0,1.0,23500.0,1.0,23600.0,1.0,23700.0,1.0,23800.0,1.0,23900.0,1.0,24000.0,1.0
000629.SZ,2020-08-06,09:34:43,23100.0,0.164625850340136,3787.8761904761914,23000.0,1.0,22900.0,1.0,22800.0,1.0,22700.0,1,22600.0,1.0,22500.0,1.0,22400.0,1.0,22300.0,1.0,22200.0,1.0,22100.0,1.0,23100.0,1.0,23200.0,1.0,23300.0,1.0,23400.0,1.0,23500.0,1.0,23600.0,1.0,23700.0,1.0,23800.0,1.0,23900.0,1.0,24000.0,1.0
000629.SZ,2020-08-06,09:34:44,23000.0,0.0,0.0,23000.0,1.0,22900.0,1.0,22800.0,1.0,22700.0,1,22600.0,1.0,22500.0,1.0,22400.0,1.0,22300.0,1.0,22200.0,1.0,22100.0,1.0,23100.0,1.0,23200.0,1.0,23300.0,1.0,23400.0,1.0,23500.0,1.0,23600.0,1.0,23700.0,1.0,23800.0,1.0,23900.0,1.0,24000.0,1.0
000629.SZ,2020-08-06,09:34:45,23000.0,0.0,0.0,23000.0,1.0,22900.0,1.0,22800.0,1.0,22700.0,1,22600.0,1.0,22500.0,1.0,22400.0,1.0,22300.0,1.0,22200.0,1.0,22100.0,1.0,23100.0,1.0,23200.0,1.0,23300.0,1.0,23400.0,1.0,23500.0,1.0,23600.0,1.0,23700.0,1.0,23800.0,1.0,23900.0,1.0,24000.0,1.0
000629.SZ,2020-08-06,09:34:46,23000.0,0.0,0.0,23000.0,1.0,22900.0,1.0,22800.0,1.0,22700.0,1,22600.0,1.0,22500.0,1.0,22400.0,1.0,22300.0,1.0,22200.0,1.0,22100.0,1.0,23100.0,1.0,23200.0,1.0,23300.0,1.0,23400.0,1.0,23500.0,1.0,23600.0,1.0,23700.0,1.0,23800.0,1.0,23900.0,1.0,24000.0,1.0
000629.SZ,2020-08-06,09:34:47,23000.0,0.0,0.0,23000.0,1.0,22900.0,1.0,22800.0,1.0,22700.0,1,22600.0,1.0,22500.0,1.0,22400.0,1.0,22300.0,1.0,22200.0,1.0,22100.0,1.0,23100.0,1.0,23200.0,1.0,23300.0,1.0,23400.0,1.0,23500.0,1.0,23600.0,1.0,23700.0,1.0,23800.0,1.0,23900.0,1.0,24000.0,1.0
000629.SZ,2020-08-06,09:34:48,23000.0,1.0,23100.0,23000.0,1.0,22900.0,1.0,22800.0,1.0,22700.0,1,22600.0,1.0,22500.0,1.0,22400.0,1.0,22300.0,1.0,22200.0,1.0,22100.0,1.0,23100.0,1.0,23200.0,1.0,23300.0,1.0,23400.0,1.0,23500.0,1.0,23600.0,1.0,23700.0,1.0,23800.0,1.0,23900.0,1.0,24000.0,1.0
000629.SZ,2020-08-06,09:34:49,23100.0,1.0,23093.0,23000.0,1.0,22900.0,1.0,22800.0,1.0,22700.0,1,22600.0,1.0,22500.0,1.0,22400.0,1.0,22300.0,1.0,22200.0,1.0,22100.0,1.0,23100.0,1.0,23200.0,1.0,23300.0,1.0,23400.0,1.0,23500.0,1.0,23600.0,1.0,23700.0,1.0,23800.0,1.0,23900.0,1.0,24000.0,1.0
000629.SZ,2020-08-06,09:34:50,23000.0,1.0,23100.0,23000.0,1.0,22900.0,1.0,22800.0,1.0,22700.0,1,22600.0,1.0,22500.0,1.0,22400.0,1.0,22300.0,1.0,22200.0,1.0,22100.0,1.0,23100.0,1.0,23200.0,1.0,23300.0,1.0,23400.0,1.0,23500.0,1.0,23600.0,1.0,23700.0,1.0,23800.0,1.0,23900.0,1.0,24000.0,1.0
000629.SZ,2020-08-06,09:34:51,23100.0,1.0,23100.0,23100.0,1.0,23000.0,1.0,22900.0,1.0,22800.0,1,22700.0,1.0,22600.0,1.0,22500.0,1.0,22400.0,1.0,22300.0,1.0,22200.0,1.0,23200.0,1.0,23300.0,1.0,23400.0,1.0,23500.0,1.0,23600.0,1.0,23700.0,1.0,23800.0,1.0,23900.0,1.0,24000.0,1.0,24100.0,1.0
000629.SZ,2020-08-06,09:34:52,23100.0,0.5673469387755102,13105.714285714286,23000.0,1.0,22900.0,1.0,22800.0,1.0,22700.0,1,22600.0,1.0,22500.0,1.0,22400.0,1.0,22300.0,1.0,22200.0,1.0,22100.0,1.0,23100.0,0.9,23200.0,1.0,23300.0,1.0,23400.0,1.0,23500.0,1.0,23600.0,1.0,23700.0,1.0,23800.0,1.0,23900.0,1.0,24000.0,1.0
000629.SZ,2020-08-06,09:34:53,23100.0,0.0,0.0,23000.0,1.0,22900.0,1.0,22800.0,1.0,22700.0,1,22600.0,1.0,22500.0,1.0,22400.0,1.0,22300.0,1.0,22200.0,1.0,22100.0,1.0,23100.0,0.9,23200.0,1.0,23300.0,1.0,23400.0,1.0,23500.0,1.0,23600.0,1.0,23700.0,1.0,23800.0,1.0,23900.0,1.0,24000.0,1.0
000629.SZ,2020-08-06,09:34:54,23100.0,0.0095238095238095,220.00000000000003,23000.0,1.0,22900.0,1.0,22800.0,1.0,22700.0,1,22600.0,1.0,22500.0,1.0,22400.0,1.0,22300.0,1.0,22200.0,1.0,22100.0,1.0,23100.0,0.9,23200.0,1.0,23300.0,1.0,23400.0,1.0,23500.0,1.0,23600.0,1.0,23700.0,1.0,23800.0,1.0,23900.0,1.0,24000.0,1.0
000629.SZ,2020-08-06,09:34:55,23100.0,1.0,23200.0,23100.0,1.0,23000.0,1.0,22900.0,1.0,22800.0,1,22700.0,1.0,22600.0,1.0,22500.0,1.0,22400.0,1.0,22300.0,1.0,22200.0,1.0,23200.0,1.0,23300.0,1.0,23400.0,1.0,23500.0,1.0,23600.0,1.0,23700.0,1.0,23800.0,1.0,23900.0,1.0,24000.0,1.0,24100.0,1.0
000629.SZ,2020-08-06,09:34:56,23200.0,0.0,0.0,23100.0,1.0,23000.0,1.0,22900.0,1.0,22800.0,1,22700.0,1.0,22600.0,1.0,22500.0,1.0,22400.0,1.0,22300.0,1.0,22200.0,1.0,23200.0,1.0,23300.0,1.0,23400.0,1.0,23500.0,1.0,23600.0,1.0,23700.0,1.0,23800.0,1.0,23900.0,1.0,24000.0,1.0,24100.0,1.0
000629.SZ,2020-08-06,09:34:57,23200.0,0.3224489795918367,7480.816326530612,23100.0,1.0,23000.0,1.0,22900.0,1.0,22800.0,1,22700.0,1.0,22600.0,1.0,22500.0,1.0,22400.0,1.0,22300.0,1.0,22200.0,1.0,23200.0,1.0,23300.0,1.0,23400.0,1.0,23500.0,1.0,23600.0,1.0,23700.0,1.0,23800.0,1.0,23900.0,1.0,24000.0,1.0,24100.0,1.0
000629.SZ,2020-08-06,09:34:58,23200.0,0.2340136054421768,5426.073469387755,23100.0,1.0,23000.0,1.0,22900.0,1.0,22800.0,1,22700.0,1.0,22600.0,1.0,22500.0,1.0,22400.0,1.0,22300.0,1.0,22200.0,1.0,23200.0,1.0,23300.0,1.0,23400.0,1.0,23500.0,1.0,23600.0,1.0,23700.0,1.0,23800.0,1.0,23900.0,1.0,24000.0,1.0,24100.0,1.0
000629.SZ,2020-08-06,09:34:59,23200.0,0.0,0.0,23100.0,1.0,23000.0,1.0,22900.0,1.0,22800.0,1,22700.0,1.0,22600.0,1.0,22500.0,1.0,22400.0,1.0,22300.0,1.0,22200.0,1.0,23200.0,1.0,23300.0,1.0,23400.0,1.0,23500.0,1.0,23600.0,1.0,23700.0,1.0,23800.0,1.0,23900.0,1.0,24000.0,1.0,24100.0,1.0
000629.SZ,2020-08-06,09:35:00,23200.0,0.0054421768707482,125.71428571428572,23100.0,1.0,23000.0,1.0,22900.0,1.0,22800.0,1,22700.0,1.0,22600.0,1.0,22500.0,1.0,22400.0,1.0,22300.0,1.0,22200.0,1.0,23200.0,1.0,23300.0,1.0,23400.0,1.0,23500.0,1.0,23600.0,1.0,23700.0,1.0,23800.0,1.0,23900.0,1.0,24000.0,1.0,24100.0,1.0
000629.SZ,2020-08-06,09:35:01,23100.0,0.0680272108843537,1571.4285714285716,23100.0,1.0,23000.0,1.0,22900.0,1.0,22800.0,1,22700.0,1.0,22600.0,1.0,22500.0,1.0,22400.0,1.0,22300.0,1.0,22200.0,1.0,23200.0,1.0,23300.0,1.0,23400.0,1.0,23500.0,1.0,23600.0,1.0,23700.0,1.0,23800.0,1.0,23900.0,1.0,24000.0,1.0,24100.0,1.0
000629.SZ,2020-08-06,09:35:02,23100.0,0.001360544217687,31.428571428571427,23100.0,1.0,23000.0,1.0,22900.0,1.0,22800.0,1,22700.0,1.0,22600.0,1.0,22500.0,1.0,22400.0,1.0,22300.0,1.0,22200.0,1.0,23200.0,1.0,23300.0,1.0,23400.0,1.0,23500.0,1.0,23600.0,1.0,23700.0,1.0,23800.0,1.0,23900.0,1.0,24000.0,1.0,24100.0,1.0
000629.SZ,2020-08-06,09:35:03,23100.0,0.8408163265306122,19506.938775510203,23100.0,1.0,23000.0,1.0,22900.0,1.0,22800.0,1,22700.0,1.0,22600.0,1.0,22500.0,1.0,22400.0,1.0,22300.0,1.0,22200.0,1.0,23200.0,1.0,23300.0,1.0,23400.0,1.0,23500.0,1.0,23600.0,1.0,23700.0,1.0,23800.0,1.0,23900.0,1.0,24000.0,1.0,24100.0,1.0
000629.SZ,2020-08-06,09:35:04,23200.0,0.001360544217687,31.564625850340136,23100.0,1.0,23000.0,1.0,22900.0,1.0,22800.0,1,22700.0,1.0,22600.0,1.0,22500.0,1.0,22400.0,1.0,22300.0,1.0,22200.0,1.0,23200.0,1.0,23300.0,1.0,23400.0,1.0,23500.0,1.0,23600.0,1.0,23700.0,1.0,23800.0,1.0,23900.0,1.0,24000.0,1.0,24100.0,1.0
000629.SZ,2020-08-06,09:35:05,23200.0,0.0,0.0,23100.0,1.0,23000.0,1.0,22900.0,1.0,22800.0,1,22700.0,1.0,22600.0,1.0,22500.0,1.0,22400.0,1.0,22300.0,1.0,22200.0,1.0,23200.0,1.0,23300.0,1.0,23400.0,1.0,23500.0,1.0,23600.0,1.0,23700.0,1.0,23800.0,1.0,23900.0,1.0,24000.0,1.0,24100.0,1.0
000629.SZ,2020-08-06,09:35:06,23200.0,1.0,23117.0,23100.0,1.0,23000.0,1.0,22900.0,1.0,22800.0,1,22700.0,1.0,22600.0,1.0,22500.0,1.0,22400.0,1.0,22300.0,1.0,22200.0,1.0,23200.0,1.0,23300.0,1.0,23400.0,1.0,23500.0,1.0,23600.0,1.0,23700.0,1.0,23800.0,1.0,23900.0,1.0,24000.0,1.0,24100.0,1.0
000629.SZ,2020-08-06,09:35:07,23200.0,0.0680272108843537,1578.231292517007,23100.0,1.0,23000.0,1.0,22900.0,1.0,22800.0,1,22700.0,1.0,22600.0,1.0,22500.0,1.0,22400.0,1.0,22300.0,1.0,22200.0,1.0,23200.0,1.0,23300.0,1.0,23400.0,1.0,23500.0,1.0,23600.0,1.0,23700.0,1.0,23800.0,1.0,23900.0,1.0,24000.0,1.0,24100.0,1.0
000629.SZ,2020-08-06,09:35:08,23200.0,0.0,0.0,23100.0,1.0,23000.0,1.0,22900.0,1.0,22800.0,1,22700.0,1.0,22600.0,1.0,22500.0,1.0,22400.0,1.0,22300.0,1.0,22200.0,1.0,23200.0,1.0,23300.0,1.0,23400.0,1.0,23500.0,1.0,23600.0,1.0,23700.0,1.0,23800.0,1.0,23900.0,1.0,24000.0,1.0,24100.0,1.0
000629.SZ,2020-08-06,09:35:09,23200.0,0.0,0.0,23100.0,1.0,23000.0,1.0,22900.0,1.0,22800.0,1,22700.0,1.0,22600.0,1.0,22500.0,1.0,22400.0,1.0,22300.0,1.0,22200.0,1.0,23200.0,1.0,23300.0,1.0,23400.0,1.0,23500.0,1.0,23600.0,1.0,23700.0,1.0,23800.0,1.0,23900.0,1.0,24000.0,1.0,24100.0,1.0
000629.SZ,2020-08-06,09:35:10,23200.0,1.0,23200.0,23100.0,1.0,23000.0,1.0,22900.0,1.0,22800.0,1,22700.0,1.0,22600.0,1.0,22500.0,1.0,22400.0,1.0,22300.0,1.0,22200.0,1.0,23200.0,1.0,23300.0,1.0,23400.0,1.0,23500.0,1.0,23600.0,1.0,23700.0,1.0,23800.0,1.0,23900.0,1.0,24000.0,1.0,24100.0,1.0
000629.SZ,2020-08-06,09:35:11,23200.0,0.0081632653061224,189.38775510204084,23100.0,1.0,23000.0,1.0,22900.0,1.0,22800.0,1,22700.0,1.0,22600.0,1.0,22500.0,1.0,22400.0,1.0,22300.0,1.0,22200.0,1.0,23200.0,1.0,23300.0,1.0,23400.0,1.0,23500.0,1.0,23600.0,1.0,23700.0,1.0,23800.0,1.0,23900.0,1.0,24000.0,1.0,24100.0,1.0
000629.SZ,2020-08-06,09:35:12,23200.0,1.0,23199.0,23100.0,1.0,23000.0,1.0,22900.0,1.0,22800.0,1,22700.0,1.0,22600.0,1.0,22500.0,1.0,22400.0,1.0,22300.0,1.0,22200.0,1.0,23200.0,1.0,23300.0,1.0,23400.0,1.0,23500.0,1.0,23600.0,1.0,23700.0,1.0,23800.0,1.0,23900.0,1.0,24000.0,1.0,24100.0,1.0
000629.SZ,2020-08-06,09:35:13,23200.0,0.1809523809523809,4198.095238095238,23100.0,1.0,23000.0,1.0,22900.0,1.0,22800.0,1,22700.0,1.0,22600.0,1.0,22500.0,1.0,22400.0,1.0,22300.0,1.0,22200.0,1.0,23200.0,1.0,23300.0,1.0,23400.0,1.0,23500.0,1.0,23600.0,1.0,23700.0,1.0,23800.0,1.0,23900.0,1.0,24000.0,1.0,24100.0,1.0
000629.SZ,2020-08-06,09:35:14,23200.0,1.0,23200.0,23200.0,1.0,23100.0,1.0,23000.0,1.0,22900.0,1,22800.0,1.0,22700.0,1.0,22600.0,1.0,22500.0,1.0,22400.0,1.0,22300.0,1.0,23300.0,1.0,23400.0,1.0,23500.0,1.0,23600.0,1.0,23700.0,1.0,23800.0,1.0,23900.0,1.0,24000.0,1.0,24100.0,1.0,24200.0,1.0
000629.SZ,2020-08-06,09:35:15,23200.0,0.0,0.0,23200.0,1.0,23100.0,1.0,23000.0,1.0,22900.0,1,22800.0,1.0,22700.0,1.0,22600.0,1.0,22500.0,1.0,22400.0,1.0,22300.0,1.0,23300.0,1.0,23400.0,1.0,23500.0,1.0,23600.0,1.0,23700.0,1.0,23800.0,1.0,23900.0,1.0,24000.0,1.0,24100.0,1.0,24200.0,1.0
000629.SZ,2020-08-06,09:35:16,23200.0,0.4476190476190476,10424.6,23200.0,1.0,23100.0,1.0,23000.0,1.0,22900.0,1,22800.0,1.0,22700.0,1.0,22600.0,1.0,22500.0,1.0,22400.0,1.0,22300.0,1.0,23300.0,1.0,23400.0,1.0,23500.0,1.0,23600.0,1.0,23700.0,1.0,23800.0,1.0,23900.0,1.0,24000.0,1.0,24100.0,1.0,24200.0,1.0
000629.SZ,2020-08-06,09:35:17,23200.0,0.1360544217687075,3156.462585034014,23200.0,1.0,23100.0,1.0,23000.0,1.0,22900.0,1,22800.0,1.0,22700.0,1.0,22600.0,1.0,22500.0,1.0,22400.0,1.0,22300.0,1.0,23300.0,1.0,23400.0,1.0,23500.0,1.0,23600.0,1.0,23700.0,1.0,23800.0,1.0,23900.0,1.0,24000.0,1.0,24100.0,1.0,24200.0,1.0
000629.SZ,2020-08-06,09:35:18,23200.0,0.0802721088435374,1862.312925170068,23200.0,1.0,23100.0,1.0,23000.0,1.0,22900.0,1,22800.0,1.0,22700.0,1.0,22600.0,1.0,22500.0,1.0,22400.0,1.0,22300.0,1.0,23300.0,1.0,23400.0,1.0,23500.0,1.0,23600.0,1.0,23700.0,1.0,23800.0,1.0,23900.0,1.0,24000.0,1.0,24100.0,1.0,24200.0,1.0
000629.SZ,2020-08-06,09:35:19,23200.0,0.0095238095238095,220.95238095238096,23200.0,1.0,23100.0,1.0,23000.0,1.0,22900.0,1,22800.0,1.0,22700.0,1.0,22600.0,1.0,22500.0,1.0,22400.0,1.0,22300.0,1.0,23300.0,1.0,23400.0,1.0,23500.0,1.0,23600.0,1.0,23700.0,1.0,23800.0,1.0,23900.0,1.0,24000.0,1.0,24100.0,1.0,24200.0,1.0
000629.SZ,2020-08-06,09:35:20,23200.0,0.0,0.0,23200.0,1.0,23100.0,1.0,23000.0,1.0,22900.0,1,22800.0,1.0,22700.0,1.0,22600.0,1.0,22500.0,1.0,22400.0,1.0,22300.0,1.0,23300.0,1.0,23400.0,1.0,23500.0,1.0,23600.0,1.0,23700.0,1.0,23800.0,1.0,23900.0,1.0,24000.0,1.0,24100.0,1.0,24200.0,1.0
000629.SZ,2020-08-06,09:35:21,23200.0,0.0,0.0,23200.0,1.0,23100.0,1.0,23000.0,1.0,22900.0,1,22800.0,1.0,22700.0,1.0,22600.0,1.0,22500.0,1.0,22400.0,1.0,22300.0,1.0,23300.0,1.0,23400.0,1.0,23500.0,1.0,23600.0,1.0,23700.0,1.0,23800.0,1.0,23900.0,1.0,24000.0,1.0,24100.0,1.0,24200.0,1.0
000629.SZ,2020-08-06,09:35:22,23200.0,1.0,23278.0,23200.0,1.0,23100.0,1.0,23000.0,1.0,22900.0,1,22800.0,1.0,22700.0,1.0,22600.0,1.0,22500.0,1.0,22400.0,1.0,22300.0,1.0,23300.0,1.0,23400.0,1.0,23500.0,1.0,23600.0,1.0,23700.0,1.0,23800.0,1.0,23900.0,1.0,24000.0,1.0,24100.0,1.0,24200.0,1.0
000629.SZ,2020-08-06,09:35:23,23200.0,0.0068027210884353,157.82312925170066,23200.0,1.0,23100.0,1.0,23000.0,1.0,22900.0,1,22800.0,1.0,22700.0,1.0,22600.0,1.0,22500.0,1.0,22400.0,1.0,22300.0,1.0,23300.0,1.0,23400.0,1.0,23500.0,1.0,23600.0,1.0,23700.0,1.0,23800.0,1.0,23900.0,1.0,24000.0,1.0,24100.0,1.0,24200.0,1.0
000629.SZ,2020-08-06,09:35:24,23200.0,0.2,4657.2,23200.0,1.0,23100.0,1.0,23000.0,1.0,22900.0,1,22800.0,1.0,22700.0,1.0,22600.0,1.0,22500.0,1.0,22400.0,1.0,22300.0,1.0,23300.0,1.0,23400.0,1.0,23500.0,1.0,23600.0,1.0,23700.0,1.0,23800.0,1.0,23900.0,1.0,24000.0,1.0,24100.0,1.0,24200.0,1.0
000629.SZ,2020-08-06,09:35:25,23200.0,0.1768707482993197,4121.088435374149,23200.0,1.0,23100.0,1.0,23000.0,1.0,22900.0,1,22800.0,1.0,22700.0,1.0,22600.0,1.0,22500.0,1.0,22400.0,1.0,22300.0,1.0,23300.0,1.0,23400.0,1.0,23500.0,1.0,23600.0,1.0,23700.0,1.0,23800.0,1.0,23900.0,1.0,24000.0,1.0,24100.0,1.0,24200.0,1.0
000629.SZ,2020-08-06,09:35:26,23300.0,0.2054421768707483,4766.258503401361,23200.0,1.0,23100.0,1.0,23000.0,1.0,22900.0,1,22800.0,1.0,22700.0,1.0,22600.0,1.0,22500.0,1.0,22400.0,1.0,22300.0,1.0,23300.0,1.0,23400.0,1.0,23500.0,1.0,23600.0,1.0,23700.0,1.0,23800.0,1.0,23900.0,1.0,24000.0,1.0,24100.0,1.0,24200.0,1.0
000629.SZ,2020-08-06,09:35:27,23200.0,0.0,0.0,23200.0,1.0,23100.0,1.0,23000.0,1.0,22900.0,1,22800.0,1.0,22700.0,1.0,22600.0,1.0,22500.0,1.0,22400.0,1.0,22300.0,1.0,23300.0,1.0,23400.0,1.0,23500.0,1.0,23600.0,1.0,23700.0,1.0,23800.0,1.0,23900.0,1.0,24000.0,1.0,24100.0,1.0,24200.0,1.0
000629.SZ,2020-08-06,09:35:28,23200.0,0.0,0.0,23200.0,1.0,23100.0,1.0,23000.0,1.0,22900.0,1,22800.0,1.0,22700.0,1.0,22600.0,1.0,22500.0,1.0,22400.0,1.0,22300.0,1.0,23300.0,1.0,23400.0,1.0,23500.0,1.0,23600.0,1.0,23700.0,1.0,23800.0,1.0,23900.0,1.0,24000.0,1.0,24100.0,1.0,24200.0,1.0
000629.SZ,2020-08-06,09:35:29,23200.0,0.0095238095238095,221.21904761904764,23200.0,1.0,23100.0,1.0,23000.0,1.0,22900.0,1,22800.0,1.0,22700.0,1.0,22600.0,1.0,22500.0,1.0,22400.0,1.0,22300.0,1.0,23300.0,1.0,23400.0,1.0,23500.0,1.0,23600.0,1.0,23700.0,1.0,23800.0,1.0,23900.0,1.0,24000.0,1.0,24100.0,1.0,24200.0,1.0
000629.SZ,2020-08-06,09:35:30,23300.0,1.0,23200.0,23200.0,1.0,23100.0,1.0,23000.0,1.0,22900.0,1,22800.0,1.0,22700.0,1.0,22600.0,1.0,22500.0,1.0,22400.0,1.0,22300.0,1.0,23300.0,1.0,23400.0,1.0,23500.0,1.0,23600.0,1.0,23700.0,1.0,23800.0,1.0,23900.0,1.0,24000.0,1.0,24100.0,1.0,24200.0,1.0
000629.SZ,2020-08-06,09:35:31,23200.0,0.2217687074829932,5145.034013605443,23200.0,1.0,23100.0,1.0,23000.0,1.0,22900.0,1,22800.0,1.0,22700.0,1.0,22600.0,1.0,22500.0,1.0,22400.0,1.0,22300.0,1.0,23300.0,1.0,23400.0,1.0,23500.0,1.0,23600.0,1.0,23700.0,1.0,23800.0,1.0,23900.0,1.0,24000.0,1.0,24100.0,1.0,24200.0,1.0
