StockCode,DataDate,UpdateTime,LastPrice,Volume,turnover,BidPrice1,BidVolume1,BidPrice2,BidVolume2,BidPrice3,BidVolume3,BidPrice4,BidVolume4,BidPrice5,BidVolume5,BidPrice6,BidVolume6,BidPrice7,BidVolume7,BidPrice8,BidVolume8,BidPrice9,BidVolume9,BidPrice10,BidVolume10,AskPrice1,AskVolume1,AskPrice2,AskVolume2,AskPrice3,AskVolume3,AskPrice4,AskVolume4,AskPrice5,AskVolume5,AskPrice6,AskVolume6,AskPrice7,AskVolume7,AskPrice8,AskVolume8,AskPrice9,AskVolume9,AskPrice10,AskVolume10
000629.SZ,2020-08-10,09:54:22,22700.0,5000.0,113500000.0,22800.0,1.0,22700.0,1.0,22600.0,1.0,22500.0,1,22400.0,1.0,22300.0,1.0,22200.0,1.0,22100.0,1.0,22000.0,1.0,21900.0,1.0,22900.0,1.0,23000.0,1.0,23100.0,1.0,23200.0,1.0,23300.0,1.0,23400.0,1.0,23500.0,1.0,23600.0,1.0,23700.0,1.0,23800.0,1.0
000629.SZ,2020-08-10,09:54:23,22700.0,4400.0,99440000.0,22600.0,1.0,22500.0,1.0,22400.0,1.0,22300.0,1,22200.0,1.0,22100.0,1.0,22000.0,1.0,21900.0,1.0,21800.0,1.0,21700.0,1.0,22700.0,1.0,22800.0,1.0,22900.0,1.0,23000.0,1.0,23100.0,1.0,23200.0,1.0,23300.0,1.0,23400.0,1.0,23500.0,1.0,23600.0,1.0
000629.SZ,2020-08-10,09:54:24,22600.0,0.0,0.0,22600.0,1.0,22500.0,1.0,22400.0,1.0,22300.0,1,22200.0,1.0,22100.0,1.0,22000.0,1.0,21900.0,1.0,21800.0,1.0,21700.0,1.0,22700.0,1.0,22800.0,1.0,22900.0,1.0,23000.0,1.0,23100.0,1.0,23200.0,1.0,23300.0,1.0,23400.0,1.0,23500.0,1.0,23600.0,1.0
000629.SZ,2020-08-10,09:54:25,22600.0,0.0,0.0,22600.0,1.0,22500.0,1.0,22400.0,1.0,22300.0,1,22200.0,1.0,22100.0,1.0,22000.0,1.0,21900.0,1.0,21800.0,1.0,21700.0,1.0,22700.0,1.0,22800.0,1.0,22900.0,1.0,23000.0,1.0,23100.0,1.0,23200.0,1.0,23300.0,1.0,23400.0,1.0,23500.0,1.0,23600.0,1.0
000629.SZ,2020-08-10,09:54:26,22600.0,6500.0,147108000.0,22600.0,1.0,22500.0,1.0,22400.0,1.0,22300.0,1,22200.0,1.0,22100.0,1.0,22000.0,1.0,21900.0,1.0,21800.0,1.0,21700.0,1.0,22700.0,1.0,22800.0,1.0,22900.0,1.0,23000.0,1.0,23100.0,1.0,23200.0,1.0,23300.0,1.0,23400.0,1.0,23500.0,1.0,23600.0,1.0
000629.SZ,2020-08-10,09:54:27,22700.0,0.0,0.0,22600.0,1.0,22500.0,1.0,22400.0,1.0,22300.0,1,22200.0,1.0,22100.0,1.0,22000.0,1.0,21900.0,1.0,21800.0,1.0,21700.0,1.0,22700.0,1.0,22800.0,1.0,22900.0,1.0,23000.0,1.0,23100.0,1.0,23200.0,1.0,23300.0,1.0,23400.0,1.0,23500.0,1.0,23600.0,1.0
000629.SZ,2020-08-10,09:54:28,22700.0,0.0,0.0,22600.0,1.0,22500.0,1.0,22400.0,1.0,22300.0,1,22200.0,1.0,22100.0,1.0,22000.0,1.0,21900.0,1.0,21800.0,1.0,21700.0,1.0,22700.0,1.0,22800.0,1.0,22900.0,1.0,23000.0,1.0,23100.0,1.0,23200.0,1.0,23300.0,1.0,23400.0,1.0,23500.0,1.0,23600.0,1.0
000629.SZ,2020-08-10,09:54:29,22700.0,0.0,0.0,22600.0,1.0,22500.0,1.0,22400.0,1.0,22300.0,1,22200.0,1.0,22100.0,1.0,22000.0,1.0,21900.0,1.0,21800.0,1.0,21700.0,1.0,22700.0,1.0,22800.0,1.0,22900.0,1.0,23000.0,1.0,23100.0,1.0,23200.0,1.0,23300.0,1.0,23400.0,1.0,23500.0,1.0,23600.0,1.0
000629.SZ,2020-08-10,09:54:30,22700.0,0.0,0.0,22600.0,1.0,22500.0,1.0,22400.0,1.0,22300.0,1,22200.0,1.0,22100.0,1.0,22000.0,1.0,21900.0,1.0,21800.0,1.0,21700.0,1.0,22700.0,1.0,22800.0,1.0,22900.0,1.0,23000.0,1.0,23100.0,1.0,23200.0,1.0,23300.0,1.0,23400.0,1.0,23500.0,1.0,23600.0,1.0
000629.SZ,2020-08-10,09:54:31,22700.0,800.0,18160000.0,22600.0,1.0,22500.0,1.0,22400.0,1.0,22300.0,1,22200.0,1.0,22100.0,1.0,22000.0,1.0,21900.0,1.0,21800.0,1.0,21700.0,1.0,22700.0,1.0,22800.0,1.0,22900.0,1.0,23000.0,1.0,23100.0,1.0,23200.0,1.0,23300.0,1.0,23400.0,1.0,23500.0,1.0,23600.0,1.0
000629.SZ,2020-08-10,09:54:32,22700.0,0.0,0.0,22600.0,1.0,22500.0,1.0,22400.0,1.0,22300.0,1,22200.0,1.0,22100.0,1.0,22000.0,1.0,21900.0,1.0,21800.0,1.0,21700.0,1.0,22700.0,1.0,22800.0,1.0,22900.0,1.0,23000.0,1.0,23100.0,1.0,23200.0,1.0,23300.0,1.0,23400.0,1.0,23500.0,1.0,23600.0,1.0
000629.SZ,2020-08-10,09:54:33,22700.0,0.0,0.0,22600.0,1.0,22500.0,1.0,22400.0,1.0,22300.0,1,22200.0,1.0,22100.0,1.0,22000.0,1.0,21900.0,1.0,21800.0,1.0,21700.0,1.0,22700.0,1.0,22800.0,1.0,22900.0,1.0,23000.0,1.0,23100.0,1.0,23200.0,1.0,23300.0,1.0,23400.0,1.0,23500.0,1.0,23600.0,1.0
000629.SZ,2020-08-10,09:54:34,22700.0,0.0,0.0,22600.0,1.0,22500.0,1.0,22400.0,1.0,22300.0,1,22200.0,1.0,22100.0,1.0,22000.0,1.0,21900.0,1.0,21800.0,1.0,21700.0,1.0,22700.0,1.0,22800.0,1.0,22900.0,1.0,23000.0,1.0,23100.0,1.0,23200.0,1.0,23300.0,1.0,23400.0,1.0,23500.0,1.0,23600.0,1.0
000629.SZ,2020-08-10,09:54:35,22700.0,2000.0,45200000.0,22600.0,1.0,22500.0,1.0,22400.0,1.0,22300.0,1,22200.0,1.0,22100.0,1.0,22000.0,1.0,21900.0,1.0,21800.0,1.0,21700.0,1.0,22700.0,1.0,22800.0,1.0,22900.0,1.0,23000.0,1.0,23100.0,1.0,23200.0,1.0,23300.0,1.0,23400.0,1.0,23500.0,1.0,23600.0,1.0
000629.SZ,2020-08-10,09:54:36,22600.0,20000.0,454000000.0,22600.0,1.0,22500.0,1.0,22400.0,1.0,22300.0,1,22200.0,1.0,22100.0,1.0,22000.0,1.0,21900.0,1.0,21800.0,1.0,21700.0,1.0,22700.0,1.0,22800.0,1.0,22900.0,1.0,23000.0,1.0,23100.0,1.0,23200.0,1.0,23300.0,1.0,23400.0,1.0,23500.0,1.0,23600.0,1.0
000629.SZ,2020-08-10,09:54:37,22700.0,0.0,0.0,22600.0,1.0,22500.0,1.0,22400.0,1.0,22300.0,1,22200.0,1.0,22100.0,1.0,22000.0,1.0,21900.0,1.0,21800.0,1.0,21700.0,1.0,22700.0,1.0,22800.0,1.0,22900.0,1.0,23000.0,1.0,23100.0,1.0,23200.0,1.0,23300.0,1.0,23400.0,1.0,23500.0,1.0,23600.0,1.0
000629.SZ,2020-08-10,09:54:38,22700.0,0.0,0.0,22600.0,1.0,22500.0,1.0,22400.0,1.0,22300.0,1,22200.0,1.0,22100.0,1.0,22000.0,1.0,21900.0,1.0,21800.0,1.0,21700.0,1.0,22700.0,1.0,22800.0,1.0,22900.0,1.0,23000.0,1.0,23100.0,1.0,23200.0,1.0,23300.0,1.0,23400.0,1.0,23500.0,1.0,23600.0,1.0
000629.SZ,2020-08-10,09:54:39,22700.0,1200.0,27240000.0,22600.0,1.0,22500.0,1.0,22400.0,1.0,22300.0,1,22200.0,1.0,22100.0,1.0,22000.0,1.0,21900.0,1.0,21800.0,1.0,21700.0,1.0,22700.0,1.0,22800.0,1.0,22900.0,1.0,23000.0,1.0,23100.0,1.0,23200.0,1.0,23300.0,1.0,23400.0,1.0,23500.0,1.0,23600.0,1.0
000629.SZ,2020-08-10,09:54:40,22700.0,1000.0,22680000.0,22600.0,1.0,22500.0,1.0,22400.0,1.0,22300.0,1,22200.0,1.0,22100.0,1.0,22000.0,1.0,21900.0,1.0,21800.0,1.0,21700.0,1.0,22700.0,1.0,22800.0,1.0,22900.0,1.0,23000.0,1.0,23100.0,1.0,23200.0,1.0,23300.0,1.0,23400.0,1.0,23500.0,1.0,23600.0,1.0
000629.SZ,2020-08-10,09:54:41,22600.0,1000.0,22700000.0,22600.0,1.0,22500.0,1.0,22400.0,1.0,22300.0,1,22200.0,1.0,22100.0,1.0,22000.0,1.0,21900.0,1.0,21800.0,1.0,21700.0,1.0,22700.0,1.0,22800.0,1.0,22900.0,1.0,23000.0,1.0,23100.0,1.0,23200.0,1.0,23300.0,1.0,23400.0,1.0,23500.0,1.0,23600.0,1.0
000629.SZ,2020-08-10,09:54:42,22700.0,0.0,0.0,22600.0,1.0,22500.0,1.0,22400.0,1.0,22300.0,1,22200.0,1.0,22100.0,1.0,22000.0,1.0,21900.0,1.0,21800.0,1.0,21700.0,1.0,22700.0,1.0,22800.0,1.0,22900.0,1.0,23000.0,1.0,23100.0,1.0,23200.0,1.0,23300.0,1.0,23400.0,1.0,23500.0,1.0,23600.0,1.0
000629.SZ,2020-08-10,09:54:43,22700.0,0.0,0.0,22600.0,1.0,22500.0,1.0,22400.0,1.0,22300.0,1,22200.0,1.0,22100.0,1.0,22000.0,1.0,21900.0,1.0,21800.0,1.0,21700.0,1.0,22700.0,1.0,22800.0,1.0,22900.0,1.0,23000.0,1.0,23100.0,1.0,23200.0,1.0,23300.0,1.0,23400.0,1.0,23500.0,1.0,23600.0,1.0
000629.SZ,2020-08-10,09:54:44,22700.0,0.0,0.0,22600.0,1.0,22500.0,1.0,22400.0,1.0,22300.0,1,22200.0,1.0,22100.0,1.0,22000.0,1.0,21900.0,1.0,21800.0,1.0,21700.0,1.0,22700.0,1.0,22800.0,1.0,22900.0,1.0,23000.0,1.0,23100.0,1.0,23200.0,1.0,23300.0,1.0,23400.0,1.0,23500.0,1.0,23600.0,1.0
000629.SZ,2020-08-10,09:54:45,22700.0,9200.0,208840000.0,22600.0,1.0,22500.0,1.0,22400.0,1.0,22300.0,1,22200.0,1.0,22100.0,1.0,22000.0,1.0,21900.0,1.0,21800.0,1.0,21700.0,1.0,22700.0,1.0,22800.0,1.0,22900.0,1.0,23000.0,1.0,23100.0,1.0,23200.0,1.0,23300.0,1.0,23400.0,1.0,23500.0,1.0,23600.0,1.0
000629.SZ,2020-08-10,09:54:46,22700.0,0.0,0.0,22600.0,1.0,22500.0,1.0,22400.0,1.0,22300.0,1,22200.0,1.0,22100.0,1.0,22000.0,1.0,21900.0,1.0,21800.0,1.0,21700.0,1.0,22700.0,1.0,22800.0,1.0,22900.0,1.0,23000.0,1.0,23100.0,1.0,23200.0,1.0,23300.0,1.0,23400.0,1.0,23500.0,1.0,23600.0,1.0
000629.SZ,2020-08-10,09:54:47,22700.0,0.0,0.0,22600.0,1.0,22500.0,1.0,22400.0,1.0,22300.0,1,22200.0,1.0,22100.0,1.0,22000.0,1.0,21900.0,1.0,21800.0,1.0,21700.0,1.0,22700.0,1.0,22800.0,1.0,22900.0,1.0,23000.0,1.0,23100.0,1.0,23200.0,1.0,23300.0,1.0,23400.0,1.0,23500.0,1.0,23600.0,1.0
000629.SZ,2020-08-10,09:54:48,22700.0,8000.0,181600000.0,22600.0,1.0,22500.0,1.0,22400.0,1.0,22300.0,1,22200.0,1.0,22100.0,1.0,22000.0,1.0,21900.0,1.0,21800.0,1.0,21700.0,1.0,22700.0,1.0,22800.0,1.0,22900.0,1.0,23000.0,1.0,23100.0,1.0,23200.0,1.0,23300.0,1.0,23400.0,1.0,23500.0,1.0,23600.0,1.0
000629.SZ,2020-08-10,09:54:49,22700.0,0.0,0.0,22600.0,1.0,22500.0,1.0,22400.0,1.0,22300.0,1,22200.0,1.0,22100.0,1.0,22000.0,1.0,21900.0,1.0,21800.0,1.0,21700.0,1.0,22700.0,1.0,22800.0,1.0,22900.0,1.0,23000.0,1.0,23100.0,1.0,23200.0,1.0,23300.0,1.0,23400.0,1.0,23500.0,1.0,23600.0,1.0
000629.SZ,2020-08-10,09:54:50,22700.0,3000.0,68100000.0,22600.0,1.0,22500.0,1.0,22400.0,1.0,22300.0,1,22200.0,1.0,22100.0,1.0,22000.0,1.0,21900.0,1.0,21800.0,1.0,21700.0,1.0,22700.0,1.0,22800.0,1.0,22900.0,1.0,23000.0,1.0,23100.0,1.0,23200.0,1.0,23300.0,1.0,23400.0,1.0,23500.0,1.0,23600.0,1.0
000629.SZ,2020-08-10,09:54:51,22700.0,0.0,0.0,22600.0,1.0,22500.0,1.0,22400.0,1.0,22300.0,1,22200.0,1.0,22100.0,1.0,22000.0,1.0,21900.0,1.0,21800.0,1.0,21700.0,1.0,22700.0,1.0,22800.0,1.0,22900.0,1.0,23000.0,1.0,23100.0,1.0,23200.0,1.0,23300.0,1.0,23400.0,1.0,23500.0,1.0,23600.0,1.0
000629.SZ,2020-08-10,09:54:52,22700.0,4000.0,90800000.0,22600.0,1.0,22500.0,1.0,22400.0,1.0,22300.0,1,22200.0,1.0,22100.0,1.0,22000.0,1.0,21900.0,1.0,21800.0,1.0,21700.0,1.0,22700.0,1.0,22800.0,1.0,22900.0,1.0,23000.0,1.0,23100.0,1.0,23200.0,1.0,23300.0,1.0,23400.0,1.0,23500.0,1.0,23600.0,1.0
000629.SZ,2020-08-10,09:54:53,22700.0,0.0,0.0,22600.0,1.0,22500.0,1.0,22400.0,1.0,22300.0,1,22200.0,1.0,22100.0,1.0,22000.0,1.0,21900.0,1.0,21800.0,1.0,21700.0,1.0,22700.0,1.0,22800.0,1.0,22900.0,1.0,23000.0,1.0,23100.0,1.0,23200.0,1.0,23300.0,1.0,23400.0,1.0,23500.0,1.0,23600.0,1.0
000629.SZ,2020-08-10,09:54:54,22700.0,0.0,0.0,22600.0,1.0,22500.0,1.0,22400.0,1.0,22300.0,1,22200.0,1.0,22100.0,1.0,22000.0,1.0,21900.0,1.0,21800.0,1.0,21700.0,1.0,22700.0,1.0,22800.0,1.0,22900.0,1.0,23000.0,1.0,23100.0,1.0,23200.0,1.0,23300.0,1.0,23400.0,1.0,23500.0,1.0,23600.0,1.0
000629.SZ,2020-08-10,09:54:55,22700.0,0.0,0.0,22600.0,1.0,22500.0,1.0,22400.0,1.0,22300.0,1,22200.0,1.0,22100.0,1.0,22000.0,1.0,21900.0,1.0,21800.0,1.0,21700.0,1.0,22700.0,1.0,22800.0,1.0,22900.0,1.0,23000.0,1.0,23100.0,1.0,23200.0,1.0,23300.0,1.0,23400.0,1.0,23500.0,1.0,23600.0,1.0
000629.SZ,2020-08-10,09:54:56,22700.0,0.0,0.0,22600.0,1.0,22500.0,1.0,22400.0,1.0,22300.0,1,22200.0,1.0,22100.0,1.0,22000.0,1.0,21900.0,1.0,21800.0,1.0,21700.0,1.0,22700.0,1.0,22800.0,1.0,22900.0,1.0,23000.0,1.0,23100.0,1.0,23200.0,1.0,23300.0,1.0,23400.0,1.0,23500.0,1.0,23600.0,1.0
000629.SZ,2020-08-10,09:54:57,22700.0,2000.0,45400000.0,22600.0,1.0,22500.0,1.0,22400.0,1.0,22300.0,1,22200.0,1.0,22100.0,1.0,22000.0,1.0,21900.0,1.0,21800.0,1.0,21700.0,1.0,22700.0,1.0,22800.0,1.0,22900.0,1.0,23000.0,1.0,23100.0,1.0,23200.0,1.0,23300.0,1.0,23400.0,1.0,23500.0,1.0,23600.0,1.0
000629.SZ,2020-08-10,09:54:58,22700.0,18500.0,419950000.0,22600.0,1.0,22500.0,1.0,22400.0,1.0,22300.0,1,22200.0,1.0,22100.0,1.0,22000.0,1.0,21900.0,1.0,21800.0,1.0,21700.0,1.0,22700.0,1.0,22800.0,1.0,22900.0,1.0,23000.0,1.0,23100.0,1.0,23200.0,1.0,23300.0,1.0,23400.0,1.0,23500.0,1.0,23600.0,1.0
000629.SZ,2020-08-10,09:54:59,22700.0,1500.0,34050000.0,22600.0,1.0,22500.0,1.0,22400.0,1.0,22300.0,1,22200.0,1.0,22100.0,1.0,22000.0,1.0,21900.0,1.0,21800.0,1.0,21700.0,1.0,22700.0,1.0,22800.0,1.0,22900.0,1.0,23000.0,1.0,23100.0,1.0,23200.0,1.0,23300.0,1.0,23400.0,1.0,23500.0,1.0,23600.0,1.0
000629.SZ,2020-08-10,09:55:00,22700.0,0.0,0.0,22600.0,1.0,22500.0,1.0,22400.0,1.0,22300.0,1,22200.0,1.0,22100.0,1.0,22000.0,1.0,21900.0,1.0,21800.0,1.0,21700.0,1.0,22700.0,1.0,22800.0,1.0,22900.0,1.0,23000.0,1.0,23100.0,1.0,23200.0,1.0,23300.0,1.0,23400.0,1.0,23500.0,1.0,23600.0,1.0
000629.SZ,2020-08-10,09:55:01,22700.0,2200.0,49720000.0,22600.0,1.0,22500.0,1.0,22400.0,1.0,22300.0,1,22200.0,1.0,22100.0,1.0,22000.0,1.0,21900.0,1.0,21800.0,1.0,21700.0,1.0,22700.0,1.0,22800.0,1.0,22900.0,1.0,23000.0,1.0,23100.0,1.0,23200.0,1.0,23300.0,1.0,23400.0,1.0,23500.0,1.0,23600.0,1.0
000629.SZ,2020-08-10,09:55:02,22600.0,0.0,0.0,22600.0,1.0,22500.0,1.0,22400.0,1.0,22300.0,1,22200.0,1.0,22100.0,1.0,22000.0,1.0,21900.0,1.0,21800.0,1.0,21700.0,1.0,22700.0,1.0,22800.0,1.0,22900.0,1.0,23000.0,1.0,23100.0,1.0,23200.0,1.0,23300.0,1.0,23400.0,1.0,23500.0,1.0,23600.0,1.0
000629.SZ,2020-08-10,09:55:03,22600.0,0.0,0.0,22600.0,1.0,22500.0,1.0,22400.0,1.0,22300.0,1,22200.0,1.0,22100.0,1.0,22000.0,1.0,21900.0,1.0,21800.0,1.0,21700.0,1.0,22700.0,1.0,22800.0,1.0,22900.0,1.0,23000.0,1.0,23100.0,1.0,23200.0,1.0,23300.0,1.0,23400.0,1.0,23500.0,1.0,23600.0,1.0
000629.SZ,2020-08-10,09:55:04,22600.0,4800.0,108960000.0,22600.0,1.0,22500.0,1.0,22400.0,1.0,22300.0,1,22200.0,1.0,22100.0,1.0,22000.0,1.0,21900.0,1.0,21800.0,1.0,21700.0,1.0,22700.0,1.0,22800.0,1.0,22900.0,1.0,23000.0,1.0,23100.0,1.0,23200.0,1.0,23300.0,1.0,23400.0,1.0,23500.0,1.0,23600.0,1.0
000629.SZ,2020-08-10,09:55:05,22700.0,100.0,2270000.0,22600.0,1.0,22500.0,1.0,22400.0,1.0,22300.0,1,22200.0,1.0,22100.0,1.0,22000.0,1.0,21900.0,1.0,21800.0,1.0,21700.0,1.0,22700.0,1.0,22800.0,1.0,22900.0,1.0,23000.0,1.0,23100.0,1.0,23200.0,1.0,23300.0,1.0,23400.0,1.0,23500.0,1.0,23600.0,1.0
000629.SZ,2020-08-10,09:55:06,22700.0,0.0,0.0,22600.0,1.0,22500.0,1.0,22400.0,1.0,22300.0,1,22200.0,1.0,22100.0,1.0,22000.0,1.0,21900.0,1.0,21800.0,1.0,21700.0,1.0,22700.0,1.0,22800.0,1.0,22900.0,1.0,23000.0,1.0,23100.0,1.0,23200.0,1.0,23300.0,1.0,23400.0,1.0,23500.0,1.0,23600.0,1.0
000629.SZ,2020-08-10,09:55:07,22700.0,2000.0,45400000.0,22600.0,1.0,22500.0,1.0,22400.0,1.0,22300.0,1,22200.0,1.0,22100.0,1.0,22000.0,1.0,21900.0,1.0,21800.0,1.0,21700.0,1.0,22700.0,1.0,22800.0,1.0,22900.0,1.0,23000.0,1.0,23100.0,1.0,23200.0,1.0,23300.0,1.0,23400.0,1.0,23500.0,1.0,23600.0,1.0
000629.SZ,2020-08-10,09:55:08,22700.0,0.0,0.0,22600.0,1.0,22500.0,1.0,22400.0,1.0,22300.0,1,22200.0,1.0,22100.0,1.0,22000.0,1.0,21900.0,1.0,21800.0,1.0,21700.0,1.0,22700.0,1.0,22800.0,1.0,22900.0,1.0,23000.0,1.0,23100.0,1.0,23200.0,1.0,23300.0,1.0,23400.0,1.0,23500.0,1.0,23600.0,1.0
000629.SZ,2020-08-10,09:55:09,22700.0,41600.0,944320000.0,22600.0,1.0,22500.0,1.0,22400.0,1.0,22300.0,1,22200.0,1.0,22100.0,1.0,22000.0,1.0,21900.0,1.0,21800.0,1.0,21700.0,1.0,22700.0,1.0,22800.0,1.0,22900.0,1.0,23000.0,1.0,23100.0,1.0,23200.0,1.0,23300.0,1.0,23400.0,1.0,23500.0,1.0,23600.0,1.0
000629.SZ,2020-08-10,09:55:10,22700.0,13600.0,308720000.0,22600.0,1.0,22500.0,1.0,22400.0,1.0,22300.0,1,22200.0,1.0,22100.0,1.0,22000.0,1.0,21900.0,1.0,21800.0,1.0,21700.0,1.0,22700.0,1.0,22800.0,1.0,22900.0,1.0,23000.0,1.0,23100.0,1.0,23200.0,1.0,23300.0,1.0,23400.0,1.0,23500.0,1.0,23600.0,1.0
000629.SZ,2020-08-10,09:55:11,22700.0,21600.0,490320000.0,22600.0,1.0,22500.0,1.0,22400.0,1.0,22300.0,1,22200.0,1.0,22100.0,1.0,22000.0,1.0,21900.0,1.0,21800.0,1.0,21700.0,1.0,22700.0,1.0,22800.0,1.0,22900.0,1.0,23000.0,1.0,23100.0,1.0,23200.0,1.0,23300.0,1.0,23400.0,1.0,23500.0,1.0,23600.0,1.0
000629.SZ,2020-08-10,09:55:12,22700.0,4000.0,90800000.0,22600.0,1.0,22500.0,1.0,22400.0,1.0,22300.0,1,22200.0,1.0,22100.0,1.0,22000.0,1.0,21900.0,1.0,21800.0,1.0,21700.0,1.0,22700.0,1.0,22800.0,1.0,22900.0,1.0,23000.0,1.0,23100.0,1.0,23200.0,1.0,23300.0,1.0,23400.0,1.0,23500.0,1.0,23600.0,1.0
000629.SZ,2020-08-10,09:55:13,22700.0,0.0,0.0,22600.0,1.0,22500.0,1.0,22400.0,1.0,22300.0,1,22200.0,1.0,22100.0,1.0,22000.0,1.0,21900.0,1.0,21800.0,1.0,21700.0,1.0,22700.0,1.0,22800.0,1.0,22900.0,1.0,23000.0,1.0,23100.0,1.0,23200.0,1.0,23300.0,1.0,23400.0,1.0,23500.0,1.0,23600.0,1.0
000629.SZ,2020-08-10,09:55:14,22700.0,4000.0,90800000.0,22600.0,1.0,22500.0,1.0,22400.0,1.0,22300.0,1,22200.0,1.0,22100.0,1.0,22000.0,1.0,21900.0,1.0,21800.0,1.0,21700.0,1.0,22700.0,1.0,22800.0,1.0,22900.0,1.0,23000.0,1.0,23100.0,1.0,23200.0,1.0,23300.0,1.0,23400.0,1.0,23500.0,1.0,23600.0,1.0
000629.SZ,2020-08-10,09:55:15,22700.0,0.0,0.0,22600.0,1.0,22500.0,1.0,22400.0,1.0,22300.0,1,22200.0,1.0,22100.0,1.0,22000.0,1.0,21900.0,1.0,21800.0,1.0,21700.0,1.0,22700.0,1.0,22800.0,1.0,22900.0,1.0,23000.0,1.0,23100.0,1.0,23200.0,1.0,23300.0,1.0,23400.0,1.0,23500.0,1.0,23600.0,1.0
000629.SZ,2020-08-10,09:55:16,22700.0,0.0,0.0,22600.0,1.0,22500.0,1.0,22400.0,1.0,22300.0,1,22200.0,1.0,22100.0,1.0,22000.0,1.0,21900.0,1.0,21800.0,1.0,21700.0,1.0,22700.0,1.0,22800.0,1.0,22900.0,1.0,23000.0,1.0,23100.0,1.0,23200.0,1.0,23300.0,1.0,23400.0,1.0,23500.0,1.0,23600.0,1.0
000629.SZ,2020-08-10,09:55:17,22700.0,0.0,0.0,22600.0,1.0,22500.0,1.0,22400.0,1.0,22300.0,1,22200.0,1.0,22100.0,1.0,22000.0,1.0,21900.0,1.0,21800.0,1.0,21700.0,1.0,22700.0,1.0,22800.0,1.0,22900.0,1.0,23000.0,1.0,23100.0,1.0,23200.0,1.0,23300.0,1.0,23400.0,1.0,23500.0,1.0,23600.0,1.0
000629.SZ,2020-08-10,09:55:18,22700.0,700.0,15890000.0,22600.0,1.0,22500.0,1.0,22400.0,1.0,22300.0,1,22200.0,1.0,22100.0,1.0,22000.0,1.0,21900.0,1.0,21800.0,1.0,21700.0,1.0,22700.0,1.0,22800.0,1.0,22900.0,1.0,23000.0,1.0,23100.0,1.0,23200.0,1.0,23300.0,1.0,23400.0,1.0,23500.0,1.0,23600.0,1.0
000629.SZ,2020-08-10,09:55:19,22700.0,0.0,0.0,22600.0,1.0,22500.0,1.0,22400.0,1.0,22300.0,1,22200.0,1.0,22100.0,1.0,22000.0,1.0,21900.0,1.0,21800.0,1.0,21700.0,1.0,22700.0,1.0,22800.0,1.0,22900.0,1.0,23000.0,1.0,23100.0,1.0,23200.0,1.0,23300.0,1.0,23400.0,1.0,23500.0,1.0,23600.0,1.0
000629.SZ,2020-08-10,09:55:20,22700.0,0.0,0.0,22600.0,1.0,22500.0,1.0,22400.0,1.0,22300.0,1,22200.0,1.0,22100.0,1.0,22000.0,1.0,21900.0,1.0,21800.0,1.0,21700.0,1.0,22700.0,1.0,22800.0,1.0,22900.0,1.0,23000.0,1.0,23100.0,1.0,23200.0,1.0,23300.0,1.0,23400.0,1.0,23500.0,1.0,23600.0,1.0
000629.SZ,2020-08-10,09:55:21,22700.0,11800.0,267860000.0,22600.0,1.0,22500.0,1.0,22400.0,1.0,22300.0,1,22200.0,1.0,22100.0,1.0,22000.0,1.0,21900.0,1.0,21800.0,1.0,21700.0,1.0,22700.0,1.0,22800.0,1.0,22900.0,1.0,23000.0,1.0,23100.0,1.0,23200.0,1.0,23300.0,1.0,23400.0,1.0,23500.0,1.0,23600.0,1.0
000629.SZ,2020-08-10,09:55:22,22700.0,0.0,0.0,22600.0,1.0,22500.0,1.0,22400.0,1.0,22300.0,1,22200.0,1.0,22100.0,1.0,22000.0,1.0,21900.0,1.0,21800.0,1.0,21700.0,1.0,22700.0,1.0,22800.0,1.0,22900.0,1.0,23000.0,1.0,23100.0,1.0,23200.0,1.0,23300.0,1.0,23400.0,1.0,23500.0,1.0,23600.0,1.0
000629.SZ,2020-08-10,09:55:23,22700.0,0.0,0.0,22600.0,1.0,22500.0,1.0,22400.0,1.0,22300.0,1,22200.0,1.0,22100.0,1.0,22000.0,1.0,21900.0,1.0,21800.0,1.0,21700.0,1.0,22700.0,1.0,22800.0,1.0,22900.0,1.0,23000.0,1.0,23100.0,1.0,23200.0,1.0,23300.0,1.0,23400.0,1.0,23500.0,1.0,23600.0,1.0
000629.SZ,2020-08-10,09:55:24,22700.0,0.0,0.0,22600.0,1.0,22500.0,1.0,22400.0,1.0,22300.0,1,22200.0,1.0,22100.0,1.0,22000.0,1.0,21900.0,1.0,21800.0,1.0,21700.0,1.0,22700.0,1.0,22800.0,1.0,22900.0,1.0,23000.0,1.0,23100.0,1.0,23200.0,1.0,23300.0,1.0,23400.0,1.0,23500.0,1.0,23600.0,1.0
000629.SZ,2020-08-10,09:55:25,22700.0,0.0,0.0,22600.0,1.0,22500.0,1.0,22400.0,1.0,22300.0,1,22200.0,1.0,22100.0,1.0,22000.0,1.0,21900.0,1.0,21800.0,1.0,21700.0,1.0,22700.0,1.0,22800.0,1.0,22900.0,1.0,23000.0,1.0,23100.0,1.0,23200.0,1.0,23300.0,1.0,23400.0,1.0,23500.0,1.0,23600.0,1.0
000629.SZ,2020-08-10,09:55:26,22700.0,0.0,0.0,22600.0,1.0,22500.0,1.0,22400.0,1.0,22300.0,1,22200.0,1.0,22100.0,1.0,22000.0,1.0,21900.0,1.0,21800.0,1.0,21700.0,1.0,22700.0,1.0,22800.0,1.0,22900.0,1.0,23000.0,1.0,23100.0,1.0,23200.0,1.0,23300.0,1.0,23400.0,1.0,23500.0,1.0,23600.0,1.0
000629.SZ,2020-08-10,09:55:27,22700.0,5800.0,131660000.0,22600.0,1.0,22500.0,1.0,22400.0,1.0,22300.0,1,22200.0,1.0,22100.0,1.0,22000.0,1.0,21900.0,1.0,21800.0,1.0,21700.0,1.0,22700.0,1.0,22800.0,1.0,22900.0,1.0,23000.0,1.0,23100.0,1.0,23200.0,1.0,23300.0,1.0,23400.0,1.0,23500.0,1.0,23600.0,1.0
000629.SZ,2020-08-10,09:55:28,22700.0,0.0,0.0,22600.0,1.0,22500.0,1.0,22400.0,1.0,22300.0,1,22200.0,1.0,22100.0,1.0,22000.0,1.0,21900.0,1.0,21800.0,1.0,21700.0,1.0,22700.0,1.0,22800.0,1.0,22900.0,1.0,23000.0,1.0,23100.0,1.0,23200.0,1.0,23300.0,1.0,23400.0,1.0,23500.0,1.0,23600.0,1.0
000629.SZ,2020-08-10,09:55:29,22700.0,300.0,6810000.0,22600.0,1.0,22500.0,1.0,22400.0,1.0,22300.0,1,22200.0,1.0,22100.0,1.0,22000.0,1.0,21900.0,1.0,21800.0,1.0,21700.0,1.0,22700.0,1.0,22800.0,1.0,22900.0,1.0,23000.0,1.0,23100.0,1.0,23200.0,1.0,23300.0,1.0,23400.0,1.0,23500.0,1.0,23600.0,1.0
000629.SZ,2020-08-10,09:55:30,22700.0,200.0,4540000.0,22600.0,1.0,22500.0,1.0,22400.0,1.0,22300.0,1,22200.0,1.0,22100.0,1.0,22000.0,1.0,21900.0,1.0,21800.0,1.0,21700.0,1.0,22700.0,1.0,22800.0,1.0,22900.0,1.0,23000.0,1.0,23100.0,1.0,23200.0,1.0,23300.0,1.0,23400.0,1.0,23500.0,1.0,23600.0,1.0
000629.SZ,2020-08-10,09:55:31,22700.0,7800.0,177060000.0,22600.0,1.0,22500.0,1.0,22400.0,1.0,22300.0,1,22200.0,1.0,22100.0,1.0,22000.0,1.0,21900.0,1.0,21800.0,1.0,21700.0,1.0,22700.0,1.0,22800.0,1.0,22900.0,1.0,23000.0,1.0,23100.0,1.0,23200.0,1.0,23300.0,1.0,23400.0,1.0,23500.0,1.0,23600.0,1.0
000629.SZ,2020-08-10,09:55:32,22700.0,0.0,0.0,22600.0,1.0,22500.0,1.0,22400.0,1.0,22300.0,1,22200.0,1.0,22100.0,1.0,22000.0,1.0,21900.0,1.0,21800.0,1.0,21700.0,1.0,22700.0,1.0,22800.0,1.0,22900.0,1.0,23000.0,1.0,23100.0,1.0,23200.0,1.0,23300.0,1.0,23400.0,1.0,23500.0,1.0,23600.0,1.0
000629.SZ,2020-08-10,09:55:33,22700.0,0.0,0.0,22600.0,1.0,22500.0,1.0,22400.0,1.0,22300.0,1,22200.0,1.0,22100.0,1.0,22000.0,1.0,21900.0,1.0,21800.0,1.0,21700.0,1.0,22700.0,1.0,22800.0,1.0,22900.0,1.0,23000.0,1.0,23100.0,1.0,23200.0,1.0,23300.0,1.0,23400.0,1.0,23500.0,1.0,23600.0,1.0
000629.SZ,2020-08-10,09:55:34,22700.0,0.0,0.0,22600.0,1.0,22500.0,1.0,22400.0,1.0,22300.0,1,22200.0,1.0,22100.0,1.0,22000.0,1.0,21900.0,1.0,21800.0,1.0,21700.0,1.0,22700.0,1.0,22800.0,1.0,22900.0,1.0,23000.0,1.0,23100.0,1.0,23200.0,1.0,23300.0,1.0,23400.0,1.0,23500.0,1.0,23600.0,1.0
000629.SZ,2020-08-10,09:55:35,22700.0,0.0,0.0,22600.0,1.0,22500.0,1.0,22400.0,1.0,22300.0,1,22200.0,1.0,22100.0,1.0,22000.0,1.0,21900.0,1.0,21800.0,1.0,21700.0,1.0,22700.0,1.0,22800.0,1.0,22900.0,1.0,23000.0,1.0,23100.0,1.0,23200.0,1.0,23300.0,1.0,23400.0,1.0,23500.0,1.0,23600.0,1.0
000629.SZ,2020-08-10,09:55:36,22700.0,0.0,0.0,22600.0,1.0,22500.0,1.0,22400.0,1.0,22300.0,1,22200.0,1.0,22100.0,1.0,22000.0,1.0,21900.0,1.0,21800.0,1.0,21700.0,1.0,22700.0,1.0,22800.0,1.0,22900.0,1.0,23000.0,1.0,23100.0,1.0,23200.0,1.0,23300.0,1.0,23400.0,1.0,23500.0,1.0,23600.0,1.0
000629.SZ,2020-08-10,09:55:37,22700.0,100.0,2270000.0,22600.0,1.0,22500.0,1.0,22400.0,1.0,22300.0,1,22200.0,1.0,22100.0,1.0,22000.0,1.0,21900.0,1.0,21800.0,1.0,21700.0,1.0,22700.0,1.0,22800.0,1.0,22900.0,1.0,23000.0,1.0,23100.0,1.0,23200.0,1.0,23300.0,1.0,23400.0,1.0,23500.0,1.0,23600.0,1.0
000629.SZ,2020-08-10,09:55:38,22700.0,0.0,0.0,22600.0,1.0,22500.0,1.0,22400.0,1.0,22300.0,1,22200.0,1.0,22100.0,1.0,22000.0,1.0,21900.0,1.0,21800.0,1.0,21700.0,1.0,22700.0,1.0,22800.0,1.0,22900.0,1.0,23000.0,1.0,23100.0,1.0,23200.0,1.0,23300.0,1.0,23400.0,1.0,23500.0,1.0,23600.0,1.0
000629.SZ,2020-08-10,09:55:39,22700.0,0.0,0.0,22600.0,1.0,22500.0,1.0,22400.0,1.0,22300.0,1,22200.0,1.0,22100.0,1.0,22000.0,1.0,21900.0,1.0,21800.0,1.0,21700.0,1.0,22700.0,1.0,22800.0,1.0,22900.0,1.0,23000.0,1.0,23100.0,1.0,23200.0,1.0,23300.0,1.0,23400.0,1.0,23500.0,1.0,23600.0,1.0
000629.SZ,2020-08-10,09:55:40,22700.0,100.0,2270000.0,22600.0,1.0,22500.0,1.0,22400.0,1.0,22300.0,1,22200.0,1.0,22100.0,1.0,22000.0,1.0,21900.0,1.0,21800.0,1.0,21700.0,1.0,22700.0,1.0,22800.0,1.0,22900.0,1.0,23000.0,1.0,23100.0,1.0,23200.0,1.0,23300.0,1.0,23400.0,1.0,23500.0,1.0,23600.0,1.0
000629.SZ,2020-08-10,09:55:41,22700.0,6200.0,140740000.0,22600.0,1.0,22500.0,1.0,22400.0,1.0,22300.0,1,22200.0,1.0,22100.0,1.0,22000.0,1.0,21900.0,1.0,21800.0,1.0,21700.0,1.0,22700.0,1.0,22800.0,1.0,22900.0,1.0,23000.0,1.0,23100.0,1.0,23200.0,1.0,23300.0,1.0,23400.0,1.0,23500.0,1.0,23600.0,1.0
000629.SZ,2020-08-10,09:55:42,22700.0,30000.0,681000000.0,22600.0,1.0,22500.0,1.0,22400.0,1.0,22300.0,1,22200.0,1.0,22100.0,1.0,22000.0,1.0,21900.0,1.0,21800.0,1.0,21700.0,1.0,22700.0,1.0,22800.0,1.0,22900.0,1.0,23000.0,1.0,23100.0,1.0,23200.0,1.0,23300.0,1.0,23400.0,1.0,23500.0,1.0,23600.0,1.0
000629.SZ,2020-08-10,09:55:43,22700.0,0.0,0.0,22600.0,1.0,22500.0,1.0,22400.0,1.0,22300.0,1,22200.0,1.0,22100.0,1.0,22000.0,1.0,21900.0,1.0,21800.0,1.0,21700.0,1.0,22700.0,1.0,22800.0,1.0,22900.0,1.0,23000.0,1.0,23100.0,1.0,23200.0,1.0,23300.0,1.0,23400.0,1.0,23500.0,1.0,23600.0,1.0
000629.SZ,2020-08-10,09:55:44,22700.0,0.0,0.0,22600.0,1.0,22500.0,1.0,22400.0,1.0,22300.0,1,22200.0,1.0,22100.0,1.0,22000.0,1.0,21900.0,1.0,21800.0,1.0,21700.0,1.0,22700.0,1.0,22800.0,1.0,22900.0,1.0,23000.0,1.0,23100.0,1.0,23200.0,1.0,23300.0,1.0,23400.0,1.0,23500.0,1.0,23600.0,1.0
000629.SZ,2020-08-10,09:55:45,22700.0,0.0,0.0,22600.0,1.0,22500.0,1.0,22400.0,1.0,22300.0,1,22200.0,1.0,22100.0,1.0,22000.0,1.0,21900.0,1.0,21800.0,1.0,21700.0,1.0,22700.0,1.0,22800.0,1.0,22900.0,1.0,23000.0,1.0,23100.0,1.0,23200.0,1.0,23300.0,1.0,23400.0,1.0,23500.0,1.0,23600.0,1.0
000629.SZ,2020-08-10,09:55:46,22700.0,0.0,0.0,22600.0,1.0,22500.0,1.0,22400.0,1.0,22300.0,1,22200.0,1.0,22100.0,1.0,22000.0,1.0,21900.0,1.0,21800.0,1.0,21700.0,1.0,22700.0,1.0,22800.0,1.0,22900.0,1.0,23000.0,1.0,23100.0,1.0,23200.0,1.0,23300.0,1.0,23400.0,1.0,23500.0,1.0,23600.0,1.0
000629.SZ,2020-08-10,09:55:47,22700.0,0.0,0.0,22600.0,1.0,22500.0,1.0,22400.0,1.0,22300.0,1,22200.0,1.0,22100.0,1.0,22000.0,1.0,21900.0,1.0,21800.0,1.0,21700.0,1.0,22700.0,1.0,22800.0,1.0,22900.0,1.0,23000.0,1.0,23100.0,1.0,23200.0,1.0,23300.0,1.0,23400.0,1.0,23500.0,1.0,23600.0,1.0
000629.SZ,2020-08-10,09:55:48,22700.0,0.0,0.0,22600.0,1.0,22500.0,1.0,22400.0,1.0,22300.0,1,22200.0,1.0,22100.0,1.0,22000.0,1.0,21900.0,1.0,21800.0,1.0,21700.0,1.0,22700.0,1.0,22800.0,1.0,22900.0,1.0,23000.0,1.0,23100.0,1.0,23200.0,1.0,23300.0,1.0,23400.0,1.0,23500.0,1.0,23600.0,1.0
000629.SZ,2020-08-10,09:55:49,22700.0,0.0,0.0,22600.0,1.0,22500.0,1.0,22400.0,1.0,22300.0,1,22200.0,1.0,22100.0,1.0,22000.0,1.0,21900.0,1.0,21800.0,1.0,21700.0,1.0,22700.0,1.0,22800.0,1.0,22900.0,1.0,23000.0,1.0,23100.0,1.0,23200.0,1.0,23300.0,1.0,23400.0,1.0,23500.0,1.0,23600.0,1.0
000629.SZ,2020-08-10,09:55:50,22700.0,0.0,0.0,22600.0,1.0,22500.0,1.0,22400.0,1.0,22300.0,1,22200.0,1.0,22100.0,1.0,22000.0,1.0,21900.0,1.0,21800.0,1.0,21700.0,1.0,22700.0,1.0,22800.0,1.0,22900.0,1.0,23000.0,1.0,23100.0,1.0,23200.0,1.0,23300.0,1.0,23400.0,1.0,23500.0,1.0,23600.0,1.0
000629.SZ,2020-08-10,09:55:51,22700.0,1900.0,43130000.0,22600.0,1.0,22500.0,1.0,22400.0,1.0,22300.0,1,22200.0,1.0,22100.0,1.0,22000.0,1.0,21900.0,1.0,21800.0,1.0,21700.0,1.0,22700.0,1.0,22800.0,1.0,22900.0,1.0,23000.0,1.0,23100.0,1.0,23200.0,1.0,23300.0,1.0,23400.0,1.0,23500.0,1.0,23600.0,1.0
000629.SZ,2020-08-10,09:55:52,22700.0,2600.0,59020000.0,22600.0,1.0,22500.0,1.0,22400.0,1.0,22300.0,1,22200.0,1.0,22100.0,1.0,22000.0,1.0,21900.0,1.0,21800.0,1.0,21700.0,1.0,22700.0,1.0,22800.0,1.0,22900.0,1.0,23000.0,1.0,23100.0,1.0,23200.0,1.0,23300.0,1.0,23400.0,1.0,23500.0,1.0,23600.0,1.0
000629.SZ,2020-08-10,09:55:53,22700.0,0.0,0.0,22600.0,1.0,22500.0,1.0,22400.0,1.0,22300.0,1,22200.0,1.0,22100.0,1.0,22000.0,1.0,21900.0,1.0,21800.0,1.0,21700.0,1.0,22700.0,1.0,22800.0,1.0,22900.0,1.0,23000.0,1.0,23100.0,1.0,23200.0,1.0,23300.0,1.0,23400.0,1.0,23500.0,1.0,23600.0,1.0
000629.SZ,2020-08-10,09:55:54,22700.0,0.0,0.0,22600.0,1.0,22500.0,1.0,22400.0,1.0,22300.0,1,22200.0,1.0,22100.0,1.0,22000.0,1.0,21900.0,1.0,21800.0,1.0,21700.0,1.0,22700.0,1.0,22800.0,1.0,22900.0,1.0,23000.0,1.0,23100.0,1.0,23200.0,1.0,23300.0,1.0,23400.0,1.0,23500.0,1.0,23600.0,1.0
000629.SZ,2020-08-10,09:55:55,22700.0,100.0,2280000.0,22700.0,1.0,22600.0,1.0,22500.0,1.0,22400.0,1,22300.0,1.0,22200.0,1.0,22100.0,1.0,22000.0,1.0,21900.0,1.0,21800.0,1.0,22800.0,1.0,22900.0,1.0,23000.0,1.0,23100.0,1.0,23200.0,1.0,23300.0,1.0,23400.0,1.0,23500.0,1.0,23600.0,1.0,23700.0,1.0
000629.SZ,2020-08-10,09:55:56,22800.0,0.0,0.0,22700.0,1.0,22600.0,1.0,22500.0,1.0,22400.0,1,22300.0,1.0,22200.0,1.0,22100.0,1.0,22000.0,1.0,21900.0,1.0,21800.0,1.0,22800.0,1.0,22900.0,1.0,23000.0,1.0,23100.0,1.0,23200.0,1.0,23300.0,1.0,23400.0,1.0,23500.0,1.0,23600.0,1.0,23700.0,1.0
000629.SZ,2020-08-10,09:55:57,22800.0,0.0,0.0,22700.0,1.0,22600.0,1.0,22500.0,1.0,22400.0,1,22300.0,1.0,22200.0,1.0,22100.0,1.0,22000.0,1.0,21900.0,1.0,21800.0,1.0,22800.0,1.0,22900.0,1.0,23000.0,1.0,23100.0,1.0,23200.0,1.0,23300.0,1.0,23400.0,1.0,23500.0,1.0,23600.0,1.0,23700.0,1.0
000629.SZ,2020-08-10,09:55:58,22800.0,11400.0,258814200.0,22700.0,1.0,22600.0,1.0,22500.0,1.0,22400.0,1,22300.0,1.0,22200.0,1.0,22100.0,1.0,22000.0,1.0,21900.0,1.0,21800.0,1.0,22800.0,1.0,22900.0,1.0,23000.0,1.0,23100.0,1.0,23200.0,1.0,23300.0,1.0,23400.0,1.0,23500.0,1.0,23600.0,1.0,23700.0,1.0
000629.SZ,2020-08-10,09:55:59,22700.0,0.0,0.0,22700.0,1.0,22600.0,1.0,22500.0,1.0,22400.0,1,22300.0,1.0,22200.0,1.0,22100.0,1.0,22000.0,1.0,21900.0,1.0,21800.0,1.0,22800.0,1.0,22900.0,1.0,23000.0,1.0,23100.0,1.0,23200.0,1.0,23300.0,1.0,23400.0,1.0,23500.0,1.0,23600.0,1.0,23700.0,1.0
000629.SZ,2020-08-10,09:56:00,22700.0,100.0,2270000.0,22700.0,1.0,22600.0,1.0,22500.0,1.0,22400.0,1,22300.0,1.0,22200.0,1.0,22100.0,1.0,22000.0,1.0,21900.0,1.0,21800.0,1.0,22800.0,1.0,22900.0,1.0,23000.0,1.0,23100.0,1.0,23200.0,1.0,23300.0,1.0,23400.0,1.0,23500.0,1.0,23600.0,1.0,23700.0,1.0
000629.SZ,2020-08-10,09:56:01,22700.0,1100.0,24970000.0,22700.0,1.0,22600.0,1.0,22500.0,1.0,22400.0,1,22300.0,1.0,22200.0,1.0,22100.0,1.0,22000.0,1.0,21900.0,1.0,21800.0,1.0,22800.0,1.0,22900.0,1.0,23000.0,1.0,23100.0,1.0,23200.0,1.0,23300.0,1.0,23400.0,1.0,23500.0,1.0,23600.0,1.0,23700.0,1.0
000629.SZ,2020-08-10,09:56:02,22700.0,0.0,0.0,22700.0,1.0,22600.0,1.0,22500.0,1.0,22400.0,1,22300.0,1.0,22200.0,1.0,22100.0,1.0,22000.0,1.0,21900.0,1.0,21800.0,1.0,22800.0,1.0,22900.0,1.0,23000.0,1.0,23100.0,1.0,23200.0,1.0,23300.0,1.0,23400.0,1.0,23500.0,1.0,23600.0,1.0,23700.0,1.0
000629.SZ,2020-08-10,09:56:03,22700.0,0.0,0.0,22700.0,1.0,22600.0,1.0,22500.0,1.0,22400.0,1,22300.0,1.0,22200.0,1.0,22100.0,1.0,22000.0,1.0,21900.0,1.0,21800.0,1.0,22800.0,1.0,22900.0,1.0,23000.0,1.0,23100.0,1.0,23200.0,1.0,23300.0,1.0,23400.0,1.0,23500.0,1.0,23600.0,1.0,23700.0,1.0
000629.SZ,2020-08-10,09:56:04,22700.0,16000.0,363200000.0,22700.0,1.0,22600.0,1.0,22500.0,1.0,22400.0,1,22300.0,1.0,22200.0,1.0,22100.0,1.0,22000.0,1.0,21900.0,1.0,21800.0,1.0,22800.0,1.0,22900.0,1.0,23000.0,1.0,23100.0,1.0,23200.0,1.0,23300.0,1.0,23400.0,1.0,23500.0,1.0,23600.0,1.0,23700.0,1.0
000629.SZ,2020-08-10,09:56:05,22700.0,500.0,11350000.0,22700.0,1.0,22600.0,1.0,22500.0,1.0,22400.0,1,22300.0,1.0,22200.0,1.0,22100.0,1.0,22000.0,1.0,21900.0,1.0,21800.0,1.0,22800.0,1.0,22900.0,1.0,23000.0,1.0,23100.0,1.0,23200.0,1.0,23300.0,1.0,23400.0,1.0,23500.0,1.0,23600.0,1.0,23700.0,1.0
000629.SZ,2020-08-10,09:56:06,22700.0,0.0,0.0,22700.0,1.0,22600.0,1.0,22500.0,1.0,22400.0,1,22300.0,1.0,22200.0,1.0,22100.0,1.0,22000.0,1.0,21900.0,1.0,21800.0,1.0,22800.0,1.0,22900.0,1.0,23000.0,1.0,23100.0,1.0,23200.0,1.0,23300.0,1.0,23400.0,1.0,23500.0,1.0,23600.0,1.0,23700.0,1.0
000629.SZ,2020-08-10,09:56:07,22700.0,1000.0,22700000.0,22700.0,1.0,22600.0,1.0,22500.0,1.0,22400.0,1,22300.0,1.0,22200.0,1.0,22100.0,1.0,22000.0,1.0,21900.0,1.0,21800.0,1.0,22800.0,1.0,22900.0,1.0,23000.0,1.0,23100.0,1.0,23200.0,1.0,23300.0,1.0,23400.0,1.0,23500.0,1.0,23600.0,1.0,23700.0,1.0
000629.SZ,2020-08-10,09:56:08,22700.0,0.0,0.0,22700.0,1.0,22600.0,1.0,22500.0,1.0,22400.0,1,22300.0,1.0,22200.0,1.0,22100.0,1.0,22000.0,1.0,21900.0,1.0,21800.0,1.0,22800.0,1.0,22900.0,1.0,23000.0,1.0,23100.0,1.0,23200.0,1.0,23300.0,1.0,23400.0,1.0,23500.0,1.0,23600.0,1.0,23700.0,1.0
000629.SZ,2020-08-10,09:56:09,22700.0,0.0,0.0,22700.0,1.0,22600.0,1.0,22500.0,1.0,22400.0,1,22300.0,1.0,22200.0,1.0,22100.0,1.0,22000.0,1.0,21900.0,1.0,21800.0,1.0,22800.0,1.0,22900.0,1.0,23000.0,1.0,23100.0,1.0,23200.0,1.0,23300.0,1.0,23400.0,1.0,23500.0,1.0,23600.0,1.0,23700.0,1.0
000629.SZ,2020-08-10,09:56:10,22700.0,0.0,0.0,22700.0,1.0,22600.0,1.0,22500.0,1.0,22400.0,1,22300.0,1.0,22200.0,1.0,22100.0,1.0,22000.0,1.0,21900.0,1.0,21800.0,1.0,22800.0,1.0,22900.0,1.0,23000.0,1.0,23100.0,1.0,23200.0,1.0,23300.0,1.0,23400.0,1.0,23500.0,1.0,23600.0,1.0,23700.0,1.0
000629.SZ,2020-08-10,09:56:11,22700.0,30000.0,684000000.0,22700.0,1.0,22600.0,1.0,22500.0,1.0,22400.0,1,22300.0,1.0,22200.0,1.0,22100.0,1.0,22000.0,1.0,21900.0,1.0,21800.0,1.0,22800.0,1.0,22900.0,1.0,23000.0,1.0,23100.0,1.0,23200.0,1.0,23300.0,1.0,23400.0,1.0,23500.0,1.0,23600.0,1.0,23700.0,1.0
000629.SZ,2020-08-10,09:56:12,22800.0,0.0,0.0,22700.0,1.0,22600.0,1.0,22500.0,1.0,22400.0,1,22300.0,1.0,22200.0,1.0,22100.0,1.0,22000.0,1.0,21900.0,1.0,21800.0,1.0,22800.0,1.0,22900.0,1.0,23000.0,1.0,23100.0,1.0,23200.0,1.0,23300.0,1.0,23400.0,1.0,23500.0,1.0,23600.0,1.0,23700.0,1.0
000629.SZ,2020-08-10,09:56:13,22800.0,0.0,0.0,22700.0,1.0,22600.0,1.0,22500.0,1.0,22400.0,1,22300.0,1.0,22200.0,1.0,22100.0,1.0,22000.0,1.0,21900.0,1.0,21800.0,1.0,22800.0,1.0,22900.0,1.0,23000.0,1.0,23100.0,1.0,23200.0,1.0,23300.0,1.0,23400.0,1.0,23500.0,1.0,23600.0,1.0,23700.0,1.0
000629.SZ,2020-08-10,09:56:14,22800.0,5000.0,114000000.0,22700.0,1.0,22600.0,1.0,22500.0,1.0,22400.0,1,22300.0,1.0,22200.0,1.0,22100.0,1.0,22000.0,1.0,21900.0,1.0,21800.0,1.0,22800.0,1.0,22900.0,1.0,23000.0,1.0,23100.0,1.0,23200.0,1.0,23300.0,1.0,23400.0,1.0,23500.0,1.0,23600.0,1.0,23700.0,1.0
000629.SZ,2020-08-10,09:56:15,22800.0,0.0,0.0,22700.0,1.0,22600.0,1.0,22500.0,1.0,22400.0,1,22300.0,1.0,22200.0,1.0,22100.0,1.0,22000.0,1.0,21900.0,1.0,21800.0,1.0,22800.0,1.0,22900.0,1.0,23000.0,1.0,23100.0,1.0,23200.0,1.0,23300.0,1.0,23400.0,1.0,23500.0,1.0,23600.0,1.0,23700.0,1.0
000629.SZ,2020-08-10,09:56:16,22800.0,0.0,0.0,22700.0,1.0,22600.0,1.0,22500.0,1.0,22400.0,1,22300.0,1.0,22200.0,1.0,22100.0,1.0,22000.0,1.0,21900.0,1.0,21800.0,1.0,22800.0,1.0,22900.0,1.0,23000.0,1.0,23100.0,1.0,23200.0,1.0,23300.0,1.0,23400.0,1.0,23500.0,1.0,23600.0,1.0,23700.0,1.0
000629.SZ,2020-08-10,09:56:17,22800.0,0.0,0.0,22700.0,1.0,22600.0,1.0,22500.0,1.0,22400.0,1,22300.0,1.0,22200.0,1.0,22100.0,1.0,22000.0,1.0,21900.0,1.0,21800.0,1.0,22800.0,1.0,22900.0,1.0,23000.0,1.0,23100.0,1.0,23200.0,1.0,23300.0,1.0,23400.0,1.0,23500.0,1.0,23600.0,1.0,23700.0,1.0
000629.SZ,2020-08-10,09:56:18,22800.0,0.0,0.0,22700.0,1.0,22600.0,1.0,22500.0,1.0,22400.0,1,22300.0,1.0,22200.0,1.0,22100.0,1.0,22000.0,1.0,21900.0,1.0,21800.0,1.0,22800.0,1.0,22900.0,1.0,23000.0,1.0,23100.0,1.0,23200.0,1.0,23300.0,1.0,23400.0,1.0,23500.0,1.0,23600.0,1.0,23700.0,1.0
000629.SZ,2020-08-10,09:56:19,22800.0,10200.0,232560000.0,22700.0,1.0,22600.0,1.0,22500.0,1.0,22400.0,1,22300.0,1.0,22200.0,1.0,22100.0,1.0,22000.0,1.0,21900.0,1.0,21800.0,1.0,22800.0,1.0,22900.0,1.0,23000.0,1.0,23100.0,1.0,23200.0,1.0,23300.0,1.0,23400.0,1.0,23500.0,1.0,23600.0,1.0,23700.0,1.0
000629.SZ,2020-08-10,09:56:20,22800.0,0.0,0.0,22700.0,1.0,22600.0,1.0,22500.0,1.0,22400.0,1,22300.0,1.0,22200.0,1.0,22100.0,1.0,22000.0,1.0,21900.0,1.0,21800.0,1.0,22800.0,1.0,22900.0,1.0,23000.0,1.0,23100.0,1.0,23200.0,1.0,23300.0,1.0,23400.0,1.0,23500.0,1.0,23600.0,1.0,23700.0,1.0
000629.SZ,2020-08-10,09:56:21,22800.0,0.0,0.0,22700.0,1.0,22600.0,1.0,22500.0,1.0,22400.0,1,22300.0,1.0,22200.0,1.0,22100.0,1.0,22000.0,1.0,21900.0,1.0,21800.0,1.0,22800.0,1.0,22900.0,1.0,23000.0,1.0,23100.0,1.0,23200.0,1.0,23300.0,1.0,23400.0,1.0,23500.0,1.0,23600.0,1.0,23700.0,1.0
000629.SZ,2020-08-10,09:56:22,22800.0,0.0,0.0,22700.0,1.0,22600.0,1.0,22500.0,1.0,22400.0,1,22300.0,1.0,22200.0,1.0,22100.0,1.0,22000.0,1.0,21900.0,1.0,21800.0,1.0,22800.0,1.0,22900.0,1.0,23000.0,1.0,23100.0,1.0,23200.0,1.0,23300.0,1.0,23400.0,1.0,23500.0,1.0,23600.0,1.0,23700.0,1.0
000629.SZ,2020-08-10,09:56:23,22800.0,0.0,0.0,22700.0,1.0,22600.0,1.0,22500.0,1.0,22400.0,1,22300.0,1.0,22200.0,1.0,22100.0,1.0,22000.0,1.0,21900.0,1.0,21800.0,1.0,22800.0,1.0,22900.0,1.0,23000.0,1.0,23100.0,1.0,23200.0,1.0,23300.0,1.0,23400.0,1.0,23500.0,1.0,23600.0,1.0,23700.0,1.0
000629.SZ,2020-08-10,09:56:24,22800.0,21200.0,481240000.0,22700.0,1.0,22600.0,1.0,22500.0,1.0,22400.0,1,22300.0,1.0,22200.0,1.0,22100.0,1.0,22000.0,1.0,21900.0,1.0,21800.0,1.0,22800.0,1.0,22900.0,1.0,23000.0,1.0,23100.0,1.0,23200.0,1.0,23300.0,1.0,23400.0,1.0,23500.0,1.0,23600.0,1.0,23700.0,1.0
000629.SZ,2020-08-10,09:56:25,22700.0,8000.0,181600000.0,22700.0,1.0,22600.0,1.0,22500.0,1.0,22400.0,1,22300.0,1.0,22200.0,1.0,22100.0,1.0,22000.0,1.0,21900.0,1.0,21800.0,1.0,22800.0,1.0,22900.0,1.0,23000.0,1.0,23100.0,1.0,23200.0,1.0,23300.0,1.0,23400.0,1.0,23500.0,1.0,23600.0,1.0,23700.0,1.0
000629.SZ,2020-08-10,09:56:26,22700.0,200.0,4560000.0,22700.0,1.0,22600.0,1.0,22500.0,1.0,22400.0,1,22300.0,1.0,22200.0,1.0,22100.0,1.0,22000.0,1.0,21900.0,1.0,21800.0,1.0,22800.0,1.0,22900.0,1.0,23000.0,1.0,23100.0,1.0,23200.0,1.0,23300.0,1.0,23400.0,1.0,23500.0,1.0,23600.0,1.0,23700.0,1.0
000629.SZ,2020-08-10,09:56:27,22800.0,4400.0,100320000.0,22700.0,1.0,22600.0,1.0,22500.0,1.0,22400.0,1,22300.0,1.0,22200.0,1.0,22100.0,1.0,22000.0,1.0,21900.0,1.0,21800.0,1.0,22800.0,1.0,22900.0,1.0,23000.0,1.0,23100.0,1.0,23200.0,1.0,23300.0,1.0,23400.0,1.0,23500.0,1.0,23600.0,1.0,23700.0,1.0
000629.SZ,2020-08-10,09:56:28,22800.0,0.0,0.0,22700.0,1.0,22600.0,1.0,22500.0,1.0,22400.0,1,22300.0,1.0,22200.0,1.0,22100.0,1.0,22000.0,1.0,21900.0,1.0,21800.0,1.0,22800.0,1.0,22900.0,1.0,23000.0,1.0,23100.0,1.0,23200.0,1.0,23300.0,1.0,23400.0,1.0,23500.0,1.0,23600.0,1.0,23700.0,1.0
000629.SZ,2020-08-10,09:56:29,22800.0,0.0,0.0,22700.0,1.0,22600.0,1.0,22500.0,1.0,22400.0,1,22300.0,1.0,22200.0,1.0,22100.0,1.0,22000.0,1.0,21900.0,1.0,21800.0,1.0,22800.0,1.0,22900.0,1.0,23000.0,1.0,23100.0,1.0,23200.0,1.0,23300.0,1.0,23400.0,1.0,23500.0,1.0,23600.0,1.0,23700.0,1.0
000629.SZ,2020-08-10,09:56:30,22800.0,0.0,0.0,22700.0,1.0,22600.0,1.0,22500.0,1.0,22400.0,1,22300.0,1.0,22200.0,1.0,22100.0,1.0,22000.0,1.0,21900.0,1.0,21800.0,1.0,22800.0,1.0,22900.0,1.0,23000.0,1.0,23100.0,1.0,23200.0,1.0,23300.0,1.0,23400.0,1.0,23500.0,1.0,23600.0,1.0,23700.0,1.0
000629.SZ,2020-08-10,09:56:31,22800.0,0.0,0.0,22700.0,1.0,22600.0,1.0,22500.0,1.0,22400.0,1,22300.0,1.0,22200.0,1.0,22100.0,1.0,22000.0,1.0,21900.0,1.0,21800.0,1.0,22800.0,1.0,22900.0,1.0,23000.0,1.0,23100.0,1.0,23200.0,1.0,23300.0,1.0,23400.0,1.0,23500.0,1.0,23600.0,1.0,23700.0,1.0
000629.SZ,2020-08-10,09:56:32,22800.0,0.0,0.0,22700.0,1.0,22600.0,1.0,22500.0,1.0,22400.0,1,22300.0,1.0,22200.0,1.0,22100.0,1.0,22000.0,1.0,21900.0,1.0,21800.0,1.0,22800.0,1.0,22900.0,1.0,23000.0,1.0,23100.0,1.0,23200.0,1.0,23300.0,1.0,23400.0,1.0,23500.0,1.0,23600.0,1.0,23700.0,1.0
000629.SZ,2020-08-10,09:56:33,22800.0,0.0,0.0,22700.0,1.0,22600.0,1.0,22500.0,1.0,22400.0,1,22300.0,1.0,22200.0,1.0,22100.0,1.0,22000.0,1.0,21900.0,1.0,21800.0,1.0,22800.0,1.0,22900.0,1.0,23000.0,1.0,23100.0,1.0,23200.0,1.0,23300.0,1.0,23400.0,1.0,23500.0,1.0,23600.0,1.0,23700.0,1.0
000629.SZ,2020-08-10,09:56:34,22800.0,0.0,0.0,22700.0,1.0,22600.0,1.0,22500.0,1.0,22400.0,1,22300.0,1.0,22200.0,1.0,22100.0,1.0,22000.0,1.0,21900.0,1.0,21800.0,1.0,22800.0,1.0,22900.0,1.0,23000.0,1.0,23100.0,1.0,23200.0,1.0,23300.0,1.0,23400.0,1.0,23500.0,1.0,23600.0,1.0,23700.0,1.0
000629.SZ,2020-08-10,09:56:35,22800.0,100.0,2280000.0,22700.0,1.0,22600.0,1.0,22500.0,1.0,22400.0,1,22300.0,1.0,22200.0,1.0,22100.0,1.0,22000.0,1.0,21900.0,1.0,21800.0,1.0,22800.0,1.0,22900.0,1.0,23000.0,1.0,23100.0,1.0,23200.0,1.0,23300.0,1.0,23400.0,1.0,23500.0,1.0,23600.0,1.0,23700.0,1.0
000629.SZ,2020-08-10,09:56:36,22800.0,600.0,13620000.0,22700.0,1.0,22600.0,1.0,22500.0,1.0,22400.0,1,22300.0,1.0,22200.0,1.0,22100.0,1.0,22000.0,1.0,21900.0,1.0,21800.0,1.0,22800.0,1.0,22900.0,1.0,23000.0,1.0,23100.0,1.0,23200.0,1.0,23300.0,1.0,23400.0,1.0,23500.0,1.0,23600.0,1.0,23700.0,1.0
000629.SZ,2020-08-10,09:56:37,22700.0,1600.0,36320000.0,22700.0,1.0,22600.0,1.0,22500.0,1.0,22400.0,1,22300.0,1.0,22200.0,1.0,22100.0,1.0,22000.0,1.0,21900.0,1.0,21800.0,1.0,22800.0,1.0,22900.0,1.0,23000.0,1.0,23100.0,1.0,23200.0,1.0,23300.0,1.0,23400.0,1.0,23500.0,1.0,23600.0,1.0,23700.0,1.0
000629.SZ,2020-08-10,09:56:38,22700.0,0.0,0.0,22700.0,1.0,22600.0,1.0,22500.0,1.0,22400.0,1,22300.0,1.0,22200.0,1.0,22100.0,1.0,22000.0,1.0,21900.0,1.0,21800.0,1.0,22800.0,1.0,22900.0,1.0,23000.0,1.0,23100.0,1.0,23200.0,1.0,23300.0,1.0,23400.0,1.0,23500.0,1.0,23600.0,1.0,23700.0,1.0
000629.SZ,2020-08-10,09:56:39,22700.0,0.0,0.0,22700.0,1.0,22600.0,1.0,22500.0,1.0,22400.0,1,22300.0,1.0,22200.0,1.0,22100.0,1.0,22000.0,1.0,21900.0,1.0,21800.0,1.0,22800.0,1.0,22900.0,1.0,23000.0,1.0,23100.0,1.0,23200.0,1.0,23300.0,1.0,23400.0,1.0,23500.0,1.0,23600.0,1.0,23700.0,1.0
000629.SZ,2020-08-10,09:56:40,22700.0,0.0,0.0,22700.0,1.0,22600.0,1.0,22500.0,1.0,22400.0,1,22300.0,1.0,22200.0,1.0,22100.0,1.0,22000.0,1.0,21900.0,1.0,21800.0,1.0,22800.0,1.0,22900.0,1.0,23000.0,1.0,23100.0,1.0,23200.0,1.0,23300.0,1.0,23400.0,1.0,23500.0,1.0,23600.0,1.0,23700.0,1.0
000629.SZ,2020-08-10,09:56:41,22700.0,0.0,0.0,22700.0,1.0,22600.0,1.0,22500.0,1.0,22400.0,1,22300.0,1.0,22200.0,1.0,22100.0,1.0,22000.0,1.0,21900.0,1.0,21800.0,1.0,22800.0,1.0,22900.0,1.0,23000.0,1.0,23100.0,1.0,23200.0,1.0,23300.0,1.0,23400.0,1.0,23500.0,1.0,23600.0,1.0,23700.0,1.0
000629.SZ,2020-08-10,09:56:42,22700.0,100.0,2270000.0,22700.0,1.0,22600.0,1.0,22500.0,1.0,22400.0,1,22300.0,1.0,22200.0,1.0,22100.0,1.0,22000.0,1.0,21900.0,1.0,21800.0,1.0,22800.0,1.0,22900.0,1.0,23000.0,1.0,23100.0,1.0,23200.0,1.0,23300.0,1.0,23400.0,1.0,23500.0,1.0,23600.0,1.0,23700.0,1.0
000629.SZ,2020-08-10,09:56:43,22700.0,13700.0,310990000.0,22700.0,1.0,22600.0,1.0,22500.0,1.0,22400.0,1,22300.0,1.0,22200.0,1.0,22100.0,1.0,22000.0,1.0,21900.0,1.0,21800.0,1.0,22800.0,1.0,22900.0,1.0,23000.0,1.0,23100.0,1.0,23200.0,1.0,23300.0,1.0,23400.0,1.0,23500.0,1.0,23600.0,1.0,23700.0,1.0
000629.SZ,2020-08-10,09:56:44,22700.0,0.0,0.0,22700.0,1.0,22600.0,1.0,22500.0,1.0,22400.0,1,22300.0,1.0,22200.0,1.0,22100.0,1.0,22000.0,1.0,21900.0,1.0,21800.0,1.0,22800.0,1.0,22900.0,1.0,23000.0,1.0,23100.0,1.0,23200.0,1.0,23300.0,1.0,23400.0,1.0,23500.0,1.0,23600.0,1.0,23700.0,1.0
000629.SZ,2020-08-10,09:56:45,22700.0,0.0,0.0,22700.0,1.0,22600.0,1.0,22500.0,1.0,22400.0,1,22300.0,1.0,22200.0,1.0,22100.0,1.0,22000.0,1.0,21900.0,1.0,21800.0,1.0,22800.0,1.0,22900.0,1.0,23000.0,1.0,23100.0,1.0,23200.0,1.0,23300.0,1.0,23400.0,1.0,23500.0,1.0,23600.0,1.0,23700.0,1.0
000629.SZ,2020-08-10,09:56:46,22700.0,0.0,0.0,22700.0,1.0,22600.0,1.0,22500.0,1.0,22400.0,1,22300.0,1.0,22200.0,1.0,22100.0,1.0,22000.0,1.0,21900.0,1.0,21800.0,1.0,22800.0,1.0,22900.0,1.0,23000.0,1.0,23100.0,1.0,23200.0,1.0,23300.0,1.0,23400.0,1.0,23500.0,1.0,23600.0,1.0,23700.0,1.0
000629.SZ,2020-08-10,09:56:47,22700.0,3500.0,79450000.0,22700.0,1.0,22600.0,1.0,22500.0,1.0,22400.0,1,22300.0,1.0,22200.0,1.0,22100.0,1.0,22000.0,1.0,21900.0,1.0,21800.0,1.0,22800.0,1.0,22900.0,1.0,23000.0,1.0,23100.0,1.0,23200.0,1.0,23300.0,1.0,23400.0,1.0,23500.0,1.0,23600.0,1.0,23700.0,1.0
000629.SZ,2020-08-10,09:56:48,22700.0,2000.0,45600000.0,22700.0,1.0,22600.0,1.0,22500.0,1.0,22400.0,1,22300.0,1.0,22200.0,1.0,22100.0,1.0,22000.0,1.0,21900.0,1.0,21800.0,1.0,22800.0,1.0,22900.0,1.0,23000.0,1.0,23100.0,1.0,23200.0,1.0,23300.0,1.0,23400.0,1.0,23500.0,1.0,23600.0,1.0,23700.0,1.0
000629.SZ,2020-08-10,09:56:49,22800.0,500.0,11400000.0,22700.0,1.0,22600.0,1.0,22500.0,1.0,22400.0,1,22300.0,1.0,22200.0,1.0,22100.0,1.0,22000.0,1.0,21900.0,1.0,21800.0,1.0,22800.0,1.0,22900.0,1.0,23000.0,1.0,23100.0,1.0,23200.0,1.0,23300.0,1.0,23400.0,1.0,23500.0,1.0,23600.0,1.0,23700.0,1.0
000629.SZ,2020-08-10,09:56:50,22800.0,19400.0,440380000.0,22700.0,1.0,22600.0,1.0,22500.0,1.0,22400.0,1,22300.0,1.0,22200.0,1.0,22100.0,1.0,22000.0,1.0,21900.0,1.0,21800.0,1.0,22800.0,1.0,22900.0,1.0,23000.0,1.0,23100.0,1.0,23200.0,1.0,23300.0,1.0,23400.0,1.0,23500.0,1.0,23600.0,1.0,23700.0,1.0
000629.SZ,2020-08-10,09:56:51,22700.0,0.0,0.0,22700.0,1.0,22600.0,1.0,22500.0,1.0,22400.0,1,22300.0,1.0,22200.0,1.0,22100.0,1.0,22000.0,1.0,21900.0,1.0,21800.0,1.0,22800.0,1.0,22900.0,1.0,23000.0,1.0,23100.0,1.0,23200.0,1.0,23300.0,1.0,23400.0,1.0,23500.0,1.0,23600.0,1.0,23700.0,1.0
000629.SZ,2020-08-10,09:56:52,22700.0,0.0,0.0,22700.0,1.0,22600.0,1.0,22500.0,1.0,22400.0,1,22300.0,1.0,22200.0,1.0,22100.0,1.0,22000.0,1.0,21900.0,1.0,21800.0,1.0,22800.0,1.0,22900.0,1.0,23000.0,1.0,23100.0,1.0,23200.0,1.0,23300.0,1.0,23400.0,1.0,23500.0,1.0,23600.0,1.0,23700.0,1.0
000629.SZ,2020-08-10,09:56:53,22700.0,0.0,0.0,22700.0,1.0,22600.0,1.0,22500.0,1.0,22400.0,1,22300.0,1.0,22200.0,1.0,22100.0,1.0,22000.0,1.0,21900.0,1.0,21800.0,1.0,22800.0,1.0,22900.0,1.0,23000.0,1.0,23100.0,1.0,23200.0,1.0,23300.0,1.0,23400.0,1.0,23500.0,1.0,23600.0,1.0,23700.0,1.0
000629.SZ,2020-08-10,09:56:54,22700.0,0.0,0.0,22700.0,1.0,22600.0,1.0,22500.0,1.0,22400.0,1,22300.0,1.0,22200.0,1.0,22100.0,1.0,22000.0,1.0,21900.0,1.0,21800.0,1.0,22800.0,1.0,22900.0,1.0,23000.0,1.0,23100.0,1.0,23200.0,1.0,23300.0,1.0,23400.0,1.0,23500.0,1.0,23600.0,1.0,23700.0,1.0
000629.SZ,2020-08-10,09:56:55,22700.0,0.0,0.0,22700.0,1.0,22600.0,1.0,22500.0,1.0,22400.0,1,22300.0,1.0,22200.0,1.0,22100.0,1.0,22000.0,1.0,21900.0,1.0,21800.0,1.0,22800.0,1.0,22900.0,1.0,23000.0,1.0,23100.0,1.0,23200.0,1.0,23300.0,1.0,23400.0,1.0,23500.0,1.0,23600.0,1.0,23700.0,1.0
000629.SZ,2020-08-10,09:56:56,22700.0,6600.0,150480000.0,22700.0,1.0,22600.0,1.0,22500.0,1.0,22400.0,1,22300.0,1.0,22200.0,1.0,22100.0,1.0,22000.0,1.0,21900.0,1.0,21800.0,1.0,22800.0,1.0,22900.0,1.0,23000.0,1.0,23100.0,1.0,23200.0,1.0,23300.0,1.0,23400.0,1.0,23500.0,1.0,23600.0,1.0,23700.0,1.0
000629.SZ,2020-08-10,09:56:57,22800.0,46500.0,1060200000.0,22700.0,1.0,22600.0,1.0,22500.0,1.0,22400.0,1,22300.0,1.0,22200.0,1.0,22100.0,1.0,22000.0,1.0,21900.0,1.0,21800.0,1.0,22800.0,1.0,22900.0,1.0,23000.0,1.0,23100.0,1.0,23200.0,1.0,23300.0,1.0,23400.0,1.0,23500.0,1.0,23600.0,1.0,23700.0,1.0
000629.SZ,2020-08-10,09:56:58,22800.0,123300.0,2807787600.0,22700.0,1.0,22600.0,1.0,22500.0,1.0,22400.0,1,22300.0,1.0,22200.0,1.0,22100.0,1.0,22000.0,1.0,21900.0,1.0,21800.0,1.0,22800.0,1.0,22900.0,1.0,23000.0,1.0,23100.0,1.0,23200.0,1.0,23300.0,1.0,23400.0,1.0,23500.0,1.0,23600.0,1.0,23700.0,1.0
000629.SZ,2020-08-10,09:56:59,22700.0,0.0,0.0,22700.0,1.0,22600.0,1.0,22500.0,1.0,22400.0,1,22300.0,1.0,22200.0,1.0,22100.0,1.0,22000.0,1.0,21900.0,1.0,21800.0,1.0,22800.0,1.0,22900.0,1.0,23000.0,1.0,23100.0,1.0,23200.0,1.0,23300.0,1.0,23400.0,1.0,23500.0,1.0,23600.0,1.0,23700.0,1.0
000629.SZ,2020-08-10,09:57:00,22700.0,0.0,0.0,22700.0,1.0,22600.0,1.0,22500.0,1.0,22400.0,1,22300.0,1.0,22200.0,1.0,22100.0,1.0,22000.0,1.0,21900.0,1.0,21800.0,1.0,22800.0,1.0,22900.0,1.0,23000.0,1.0,23100.0,1.0,23200.0,1.0,23300.0,1.0,23400.0,1.0,23500.0,1.0,23600.0,1.0,23700.0,1.0
000629.SZ,2020-08-10,09:57:01,22700.0,500.0,11400000.0,22700.0,1.0,22600.0,1.0,22500.0,1.0,22400.0,1,22300.0,1.0,22200.0,1.0,22100.0,1.0,22000.0,1.0,21900.0,1.0,21800.0,1.0,22800.0,1.0,22900.0,1.0,23000.0,1.0,23100.0,1.0,23200.0,1.0,23300.0,1.0,23400.0,1.0,23500.0,1.0,23600.0,1.0,23700.0,1.0
000629.SZ,2020-08-10,09:57:02,22800.0,0.0,0.0,22700.0,1.0,22600.0,1.0,22500.0,1.0,22400.0,1,22300.0,1.0,22200.0,1.0,22100.0,1.0,22000.0,1.0,21900.0,1.0,21800.0,1.0,22800.0,1.0,22900.0,1.0,23000.0,1.0,23100.0,1.0,23200.0,1.0,23300.0,1.0,23400.0,1.0,23500.0,1.0,23600.0,1.0,23700.0,1.0
000629.SZ,2020-08-10,09:57:03,22800.0,5000.0,114000000.0,22700.0,1.0,22600.0,1.0,22500.0,1.0,22400.0,1,22300.0,1.0,22200.0,1.0,22100.0,1.0,22000.0,1.0,21900.0,1.0,21800.0,1.0,22800.0,1.0,22900.0,1.0,23000.0,1.0,23100.0,1.0,23200.0,1.0,23300.0,1.0,23400.0,1.0,23500.0,1.0,23600.0,1.0,23700.0,1.0
000629.SZ,2020-08-10,09:57:04,22800.0,300.0,6840000.0,22700.0,1.0,22600.0,1.0,22500.0,1.0,22400.0,1,22300.0,1.0,22200.0,1.0,22100.0,1.0,22000.0,1.0,21900.0,1.0,21800.0,1.0,22800.0,1.0,22900.0,1.0,23000.0,1.0,23100.0,1.0,23200.0,1.0,23300.0,1.0,23400.0,1.0,23500.0,1.0,23600.0,1.0,23700.0,1.0
000629.SZ,2020-08-10,09:57:05,22800.0,0.0,0.0,22700.0,1.0,22600.0,1.0,22500.0,1.0,22400.0,1,22300.0,1.0,22200.0,1.0,22100.0,1.0,22000.0,1.0,21900.0,1.0,21800.0,1.0,22800.0,1.0,22900.0,1.0,23000.0,1.0,23100.0,1.0,23200.0,1.0,23300.0,1.0,23400.0,1.0,23500.0,1.0,23600.0,1.0,23700.0,1.0
000629.SZ,2020-08-10,09:57:06,22800.0,0.0,0.0,22700.0,1.0,22600.0,1.0,22500.0,1.0,22400.0,1,22300.0,1.0,22200.0,1.0,22100.0,1.0,22000.0,1.0,21900.0,1.0,21800.0,1.0,22800.0,1.0,22900.0,1.0,23000.0,1.0,23100.0,1.0,23200.0,1.0,23300.0,1.0,23400.0,1.0,23500.0,1.0,23600.0,1.0,23700.0,1.0
000629.SZ,2020-08-10,09:57:07,22800.0,0.0,0.0,22700.0,1.0,22600.0,1.0,22500.0,1.0,22400.0,1,22300.0,1.0,22200.0,1.0,22100.0,1.0,22000.0,1.0,21900.0,1.0,21800.0,1.0,22800.0,1.0,22900.0,1.0,23000.0,1.0,23100.0,1.0,23200.0,1.0,23300.0,1.0,23400.0,1.0,23500.0,1.0,23600.0,1.0,23700.0,1.0
000629.SZ,2020-08-10,09:57:08,22800.0,0.0,0.0,22700.0,1.0,22600.0,1.0,22500.0,1.0,22400.0,1,22300.0,1.0,22200.0,1.0,22100.0,1.0,22000.0,1.0,21900.0,1.0,21800.0,1.0,22800.0,1.0,22900.0,1.0,23000.0,1.0,23100.0,1.0,23200.0,1.0,23300.0,1.0,23400.0,1.0,23500.0,1.0,23600.0,1.0,23700.0,1.0
000629.SZ,2020-08-10,09:57:09,22800.0,0.0,0.0,22700.0,1.0,22600.0,1.0,22500.0,1.0,22400.0,1,22300.0,1.0,22200.0,1.0,22100.0,1.0,22000.0,1.0,21900.0,1.0,21800.0,1.0,22800.0,1.0,22900.0,1.0,23000.0,1.0,23100.0,1.0,23200.0,1.0,23300.0,1.0,23400.0,1.0,23500.0,1.0,23600.0,1.0,23700.0,1.0
000629.SZ,2020-08-10,09:57:10,22800.0,14900.0,339720000.0,22700.0,1.0,22600.0,1.0,22500.0,1.0,22400.0,1,22300.0,1.0,22200.0,1.0,22100.0,1.0,22000.0,1.0,21900.0,1.0,21800.0,1.0,22800.0,1.0,22900.0,1.0,23000.0,1.0,23100.0,1.0,23200.0,1.0,23300.0,1.0,23400.0,1.0,23500.0,1.0,23600.0,1.0,23700.0,1.0
000629.SZ,2020-08-10,09:57:11,22800.0,1000.0,22800000.0,22700.0,1.0,22600.0,1.0,22500.0,1.0,22400.0,1,22300.0,1.0,22200.0,1.0,22100.0,1.0,22000.0,1.0,21900.0,1.0,21800.0,1.0,22800.0,1.0,22900.0,1.0,23000.0,1.0,23100.0,1.0,23200.0,1.0,23300.0,1.0,23400.0,1.0,23500.0,1.0,23600.0,1.0,23700.0,1.0
000629.SZ,2020-08-10,09:57:12,22800.0,0.0,0.0,22700.0,1.0,22600.0,1.0,22500.0,1.0,22400.0,1,22300.0,1.0,22200.0,1.0,22100.0,1.0,22000.0,1.0,21900.0,1.0,21800.0,1.0,22800.0,1.0,22900.0,1.0,23000.0,1.0,23100.0,1.0,23200.0,1.0,23300.0,1.0,23400.0,1.0,23500.0,1.0,23600.0,1.0,23700.0,1.0
000629.SZ,2020-08-10,09:57:13,22800.0,2200.0,49940000.0,22700.0,1.0,22600.0,1.0,22500.0,1.0,22400.0,1,22300.0,1.0,22200.0,1.0,22100.0,1.0,22000.0,1.0,21900.0,1.0,21800.0,1.0,22800.0,1.0,22900.0,1.0,23000.0,1.0,23100.0,1.0,23200.0,1.0,23300.0,1.0,23400.0,1.0,23500.0,1.0,23600.0,1.0,23700.0,1.0
000629.SZ,2020-08-10,09:57:14,22700.0,0.0,0.0,22700.0,1.0,22600.0,1.0,22500.0,1.0,22400.0,1,22300.0,1.0,22200.0,1.0,22100.0,1.0,22000.0,1.0,21900.0,1.0,21800.0,1.0,22800.0,1.0,22900.0,1.0,23000.0,1.0,23100.0,1.0,23200.0,1.0,23300.0,1.0,23400.0,1.0,23500.0,1.0,23600.0,1.0,23700.0,1.0
000629.SZ,2020-08-10,09:57:15,22700.0,0.0,0.0,22700.0,1.0,22600.0,1.0,22500.0,1.0,22400.0,1,22300.0,1.0,22200.0,1.0,22100.0,1.0,22000.0,1.0,21900.0,1.0,21800.0,1.0,22800.0,1.0,22900.0,1.0,23000.0,1.0,23100.0,1.0,23200.0,1.0,23300.0,1.0,23400.0,1.0,23500.0,1.0,23600.0,1.0,23700.0,1.0
000629.SZ,2020-08-10,09:57:16,22700.0,0.0,0.0,22700.0,1.0,22600.0,1.0,22500.0,1.0,22400.0,1,22300.0,1.0,22200.0,1.0,22100.0,1.0,22000.0,1.0,21900.0,1.0,21800.0,1.0,22800.0,1.0,22900.0,1.0,23000.0,1.0,23100.0,1.0,23200.0,1.0,23300.0,1.0,23400.0,1.0,23500.0,1.0,23600.0,1.0,23700.0,1.0
000629.SZ,2020-08-10,09:57:17,22700.0,0.0,0.0,22700.0,1.0,22600.0,1.0,22500.0,1.0,22400.0,1,22300.0,1.0,22200.0,1.0,22100.0,1.0,22000.0,1.0,21900.0,1.0,21800.0,1.0,22800.0,1.0,22900.0,1.0,23000.0,1.0,23100.0,1.0,23200.0,1.0,23300.0,1.0,23400.0,1.0,23500.0,1.0,23600.0,1.0,23700.0,1.0
000629.SZ,2020-08-10,09:57:18,22700.0,0.0,0.0,22700.0,1.0,22600.0,1.0,22500.0,1.0,22400.0,1,22300.0,1.0,22200.0,1.0,22100.0,1.0,22000.0,1.0,21900.0,1.0,21800.0,1.0,22800.0,1.0,22900.0,1.0,23000.0,1.0,23100.0,1.0,23200.0,1.0,23300.0,1.0,23400.0,1.0,23500.0,1.0,23600.0,1.0,23700.0,1.0
000629.SZ,2020-08-10,09:57:19,22700.0,7800.0,177060000.0,22700.0,1.0,22600.0,1.0,22500.0,1.0,22400.0,1,22300.0,1.0,22200.0,1.0,22100.0,1.0,22000.0,1.0,21900.0,1.0,21800.0,1.0,22800.0,1.0,22900.0,1.0,23000.0,1.0,23100.0,1.0,23200.0,1.0,23300.0,1.0,23400.0,1.0,23500.0,1.0,23600.0,1.0,23700.0,1.0
000629.SZ,2020-08-10,09:57:20,22700.0,2100.0,47880000.0,22700.0,1.0,22600.0,1.0,22500.0,1.0,22400.0,1,22300.0,1.0,22200.0,1.0,22100.0,1.0,22000.0,1.0,21900.0,1.0,21800.0,1.0,22800.0,1.0,22900.0,1.0,23000.0,1.0,23100.0,1.0,23200.0,1.0,23300.0,1.0,23400.0,1.0,23500.0,1.0,23600.0,1.0,23700.0,1.0
000629.SZ,2020-08-10,09:57:21,22800.0,3000.0,68400000.0,22700.0,1.0,22600.0,1.0,22500.0,1.0,22400.0,1,22300.0,1.0,22200.0,1.0,22100.0,1.0,22000.0,1.0,21900.0,1.0,21800.0,1.0,22800.0,1.0,22900.0,1.0,23000.0,1.0,23100.0,1.0,23200.0,1.0,23300.0,1.0,23400.0,1.0,23500.0,1.0,23600.0,1.0,23700.0,1.0
000629.SZ,2020-08-10,09:57:22,22800.0,0.0,0.0,22700.0,1.0,22600.0,1.0,22500.0,1.0,22400.0,1,22300.0,1.0,22200.0,1.0,22100.0,1.0,22000.0,1.0,21900.0,1.0,21800.0,1.0,22800.0,1.0,22900.0,1.0,23000.0,1.0,23100.0,1.0,23200.0,1.0,23300.0,1.0,23400.0,1.0,23500.0,1.0,23600.0,1.0,23700.0,1.0
000629.SZ,2020-08-10,09:57:23,22800.0,0.0,0.0,22700.0,1.0,22600.0,1.0,22500.0,1.0,22400.0,1,22300.0,1.0,22200.0,1.0,22100.0,1.0,22000.0,1.0,21900.0,1.0,21800.0,1.0,22800.0,1.0,22900.0,1.0,23000.0,1.0,23100.0,1.0,23200.0,1.0,23300.0,1.0,23400.0,1.0,23500.0,1.0,23600.0,1.0,23700.0,1.0
000629.SZ,2020-08-10,09:57:24,22800.0,0.0,0.0,22700.0,1.0,22600.0,1.0,22500.0,1.0,22400.0,1,22300.0,1.0,22200.0,1.0,22100.0,1.0,22000.0,1.0,21900.0,1.0,21800.0,1.0,22800.0,1.0,22900.0,1.0,23000.0,1.0,23100.0,1.0,23200.0,1.0,23300.0,1.0,23400.0,1.0,23500.0,1.0,23600.0,1.0,23700.0,1.0
000629.SZ,2020-08-10,09:57:25,22800.0,0.0,0.0,22700.0,1.0,22600.0,1.0,22500.0,1.0,22400.0,1,22300.0,1.0,22200.0,1.0,22100.0,1.0,22000.0,1.0,21900.0,1.0,21800.0,1.0,22800.0,1.0,22900.0,1.0,23000.0,1.0,23100.0,1.0,23200.0,1.0,23300.0,1.0,23400.0,1.0,23500.0,1.0,23600.0,1.0,23700.0,1.0
000629.SZ,2020-08-10,09:57:26,22800.0,300.0,6810000.0,22700.0,1.0,22600.0,1.0,22500.0,1.0,22400.0,1,22300.0,1.0,22200.0,1.0,22100.0,1.0,22000.0,1.0,21900.0,1.0,21800.0,1.0,22800.0,1.0,22900.0,1.0,23000.0,1.0,23100.0,1.0,23200.0,1.0,23300.0,1.0,23400.0,1.0,23500.0,1.0,23600.0,1.0,23700.0,1.0
000629.SZ,2020-08-10,09:57:27,22700.0,0.0,0.0,22700.0,1.0,22600.0,1.0,22500.0,1.0,22400.0,1,22300.0,1.0,22200.0,1.0,22100.0,1.0,22000.0,1.0,21900.0,1.0,21800.0,1.0,22800.0,1.0,22900.0,1.0,23000.0,1.0,23100.0,1.0,23200.0,1.0,23300.0,1.0,23400.0,1.0,23500.0,1.0,23600.0,1.0,23700.0,1.0
000629.SZ,2020-08-10,09:57:28,22700.0,0.0,0.0,22700.0,1.0,22600.0,1.0,22500.0,1.0,22400.0,1,22300.0,1.0,22200.0,1.0,22100.0,1.0,22000.0,1.0,21900.0,1.0,21800.0,1.0,22800.0,1.0,22900.0,1.0,23000.0,1.0,23100.0,1.0,23200.0,1.0,23300.0,1.0,23400.0,1.0,23500.0,1.0,23600.0,1.0,23700.0,1.0
000629.SZ,2020-08-10,09:57:29,22700.0,0.0,0.0,22700.0,1.0,22600.0,1.0,22500.0,1.0,22400.0,1,22300.0,1.0,22200.0,1.0,22100.0,1.0,22000.0,1.0,21900.0,1.0,21800.0,1.0,22800.0,1.0,22900.0,1.0,23000.0,1.0,23100.0,1.0,23200.0,1.0,23300.0,1.0,23400.0,1.0,23500.0,1.0,23600.0,1.0,23700.0,1.0
000629.SZ,2020-08-10,09:57:30,22700.0,0.0,0.0,22700.0,1.0,22600.0,1.0,22500.0,1.0,22400.0,1,22300.0,1.0,22200.0,1.0,22100.0,1.0,22000.0,1.0,21900.0,1.0,21800.0,1.0,22800.0,1.0,22900.0,1.0,23000.0,1.0,23100.0,1.0,23200.0,1.0,23300.0,1.0,23400.0,1.0,23500.0,1.0,23600.0,1.0,23700.0,1.0
000629.SZ,2020-08-10,09:57:31,22700.0,6000.0,136800000.0,22700.0,1.0,22600.0,1.0,22500.0,1.0,22400.0,1,22300.0,1.0,22200.0,1.0,22100.0,1.0,22000.0,1.0,21900.0,1.0,21800.0,1.0,22800.0,1.0,22900.0,1.0,23000.0,1.0,23100.0,1.0,23200.0,1.0,23300.0,1.0,23400.0,1.0,23500.0,1.0,23600.0,1.0,23700.0,1.0
000629.SZ,2020-08-10,09:57:32,22800.0,0.0,0.0,22700.0,1.0,22600.0,1.0,22500.0,1.0,22400.0,1,22300.0,1.0,22200.0,1.0,22100.0,1.0,22000.0,1.0,21900.0,1.0,21800.0,1.0,22800.0,1.0,22900.0,1.0,23000.0,1.0,23100.0,1.0,23200.0,1.0,23300.0,1.0,23400.0,1.0,23500.0,1.0,23600.0,1.0,23700.0,1.0
000629.SZ,2020-08-10,09:57:33,22800.0,0.0,0.0,22700.0,1.0,22600.0,1.0,22500.0,1.0,22400.0,1,22300.0,1.0,22200.0,1.0,22100.0,1.0,22000.0,1.0,21900.0,1.0,21800.0,1.0,22800.0,1.0,22900.0,1.0,23000.0,1.0,23100.0,1.0,23200.0,1.0,23300.0,1.0,23400.0,1.0,23500.0,1.0,23600.0,1.0,23700.0,1.0
000629.SZ,2020-08-10,09:57:34,22800.0,1300.0,29640000.0,22700.0,1.0,22600.0,1.0,22500.0,1.0,22400.0,1,22300.0,1.0,22200.0,1.0,22100.0,1.0,22000.0,1.0,21900.0,1.0,21800.0,1.0,22800.0,1.0,22900.0,1.0,23000.0,1.0,23100.0,1.0,23200.0,1.0,23300.0,1.0,23400.0,1.0,23500.0,1.0,23600.0,1.0,23700.0,1.0
000629.SZ,2020-08-10,09:57:35,22800.0,3400.0,77180000.0,22700.0,1.0,22600.0,1.0,22500.0,1.0,22400.0,1,22300.0,1.0,22200.0,1.0,22100.0,1.0,22000.0,1.0,21900.0,1.0,21800.0,1.0,22800.0,1.0,22900.0,1.0,23000.0,1.0,23100.0,1.0,23200.0,1.0,23300.0,1.0,23400.0,1.0,23500.0,1.0,23600.0,1.0,23700.0,1.0
000629.SZ,2020-08-10,09:57:36,22700.0,0.0,0.0,22700.0,1.0,22600.0,1.0,22500.0,1.0,22400.0,1,22300.0,1.0,22200.0,1.0,22100.0,1.0,22000.0,1.0,21900.0,1.0,21800.0,1.0,22800.0,1.0,22900.0,1.0,23000.0,1.0,23100.0,1.0,23200.0,1.0,23300.0,1.0,23400.0,1.0,23500.0,1.0,23600.0,1.0,23700.0,1.0
000629.SZ,2020-08-10,09:57:37,22700.0,0.0,0.0,22700.0,1.0,22600.0,1.0,22500.0,1.0,22400.0,1,22300.0,1.0,22200.0,1.0,22100.0,1.0,22000.0,1.0,21900.0,1.0,21800.0,1.0,22800.0,1.0,22900.0,1.0,23000.0,1.0,23100.0,1.0,23200.0,1.0,23300.0,1.0,23400.0,1.0,23500.0,1.0,23600.0,1.0,23700.0,1.0
000629.SZ,2020-08-10,09:57:38,22700.0,0.0,0.0,22700.0,1.0,22600.0,1.0,22500.0,1.0,22400.0,1,22300.0,1.0,22200.0,1.0,22100.0,1.0,22000.0,1.0,21900.0,1.0,21800.0,1.0,22800.0,1.0,22900.0,1.0,23000.0,1.0,23100.0,1.0,23200.0,1.0,23300.0,1.0,23400.0,1.0,23500.0,1.0,23600.0,1.0,23700.0,1.0
000629.SZ,2020-08-10,09:57:39,22700.0,1000.0,22800000.0,22700.0,1.0,22600.0,1.0,22500.0,1.0,22400.0,1,22300.0,1.0,22200.0,1.0,22100.0,1.0,22000.0,1.0,21900.0,1.0,21800.0,1.0,22800.0,1.0,22900.0,1.0,23000.0,1.0,23100.0,1.0,23200.0,1.0,23300.0,1.0,23400.0,1.0,23500.0,1.0,23600.0,1.0,23700.0,1.0
000629.SZ,2020-08-10,09:57:40,22800.0,0.0,0.0,22700.0,1.0,22600.0,1.0,22500.0,1.0,22400.0,1,22300.0,1.0,22200.0,1.0,22100.0,1.0,22000.0,1.0,21900.0,1.0,21800.0,1.0,22800.0,1.0,22900.0,1.0,23000.0,1.0,23100.0,1.0,23200.0,1.0,23300.0,1.0,23400.0,1.0,23500.0,1.0,23600.0,1.0,23700.0,1.0
000629.SZ,2020-08-10,09:57:41,22800.0,0.0,0.0,22700.0,1.0,22600.0,1.0,22500.0,1.0,22400.0,1,22300.0,1.0,22200.0,1.0,22100.0,1.0,22000.0,1.0,21900.0,1.0,21800.0,1.0,22800.0,1.0,22900.0,1.0,23000.0,1.0,23100.0,1.0,23200.0,1.0,23300.0,1.0,23400.0,1.0,23500.0,1.0,23600.0,1.0,23700.0,1.0
000629.SZ,2020-08-10,09:57:42,22800.0,2000.0,45400000.0,22700.0,1.0,22600.0,1.0,22500.0,1.0,22400.0,1,22300.0,1.0,22200.0,1.0,22100.0,1.0,22000.0,1.0,21900.0,1.0,21800.0,1.0,22800.0,1.0,22900.0,1.0,23000.0,1.0,23100.0,1.0,23200.0,1.0,23300.0,1.0,23400.0,1.0,23500.0,1.0,23600.0,1.0,23700.0,1.0
000629.SZ,2020-08-10,09:57:43,22700.0,0.0,0.0,22700.0,1.0,22600.0,1.0,22500.0,1.0,22400.0,1,22300.0,1.0,22200.0,1.0,22100.0,1.0,22000.0,1.0,21900.0,1.0,21800.0,1.0,22800.0,1.0,22900.0,1.0,23000.0,1.0,23100.0,1.0,23200.0,1.0,23300.0,1.0,23400.0,1.0,23500.0,1.0,23600.0,1.0,23700.0,1.0
000629.SZ,2020-08-10,09:57:44,22700.0,0.0,0.0,22700.0,1.0,22600.0,1.0,22500.0,1.0,22400.0,1,22300.0,1.0,22200.0,1.0,22100.0,1.0,22000.0,1.0,21900.0,1.0,21800.0,1.0,22800.0,1.0,22900.0,1.0,23000.0,1.0,23100.0,1.0,23200.0,1.0,23300.0,1.0,23400.0,1.0,23500.0,1.0,23600.0,1.0,23700.0,1.0
000629.SZ,2020-08-10,09:57:45,22700.0,13500.0,306450000.0,22700.0,1.0,22600.0,1.0,22500.0,1.0,22400.0,1,22300.0,1.0,22200.0,1.0,22100.0,1.0,22000.0,1.0,21900.0,1.0,21800.0,1.0,22800.0,1.0,22900.0,1.0,23000.0,1.0,23100.0,1.0,23200.0,1.0,23300.0,1.0,23400.0,1.0,23500.0,1.0,23600.0,1.0,23700.0,1.0
000629.SZ,2020-08-10,09:57:46,22700.0,0.0,0.0,22700.0,1.0,22600.0,1.0,22500.0,1.0,22400.0,1,22300.0,1.0,22200.0,1.0,22100.0,1.0,22000.0,1.0,21900.0,1.0,21800.0,1.0,22800.0,1.0,22900.0,1.0,23000.0,1.0,23100.0,1.0,23200.0,1.0,23300.0,1.0,23400.0,1.0,23500.0,1.0,23600.0,1.0,23700.0,1.0
000629.SZ,2020-08-10,09:57:47,22700.0,0.0,0.0,22700.0,1.0,22600.0,1.0,22500.0,1.0,22400.0,1,22300.0,1.0,22200.0,1.0,22100.0,1.0,22000.0,1.0,21900.0,1.0,21800.0,1.0,22800.0,1.0,22900.0,1.0,23000.0,1.0,23100.0,1.0,23200.0,1.0,23300.0,1.0,23400.0,1.0,23500.0,1.0,23600.0,1.0,23700.0,1.0
000629.SZ,2020-08-10,09:57:48,22700.0,0.0,0.0,22700.0,1.0,22600.0,1.0,22500.0,1.0,22400.0,1,22300.0,1.0,22200.0,1.0,22100.0,1.0,22000.0,1.0,21900.0,1.0,21800.0,1.0,22800.0,1.0,22900.0,1.0,23000.0,1.0,23100.0,1.0,23200.0,1.0,23300.0,1.0,23400.0,1.0,23500.0,1.0,23600.0,1.0,23700.0,1.0
000629.SZ,2020-08-10,09:57:49,22700.0,0.0,0.0,22700.0,1.0,22600.0,1.0,22500.0,1.0,22400.0,1,22300.0,1.0,22200.0,1.0,22100.0,1.0,22000.0,1.0,21900.0,1.0,21800.0,1.0,22800.0,1.0,22900.0,1.0,23000.0,1.0,23100.0,1.0,23200.0,1.0,23300.0,1.0,23400.0,1.0,23500.0,1.0,23600.0,1.0,23700.0,1.0
000629.SZ,2020-08-10,09:57:50,22700.0,0.0,0.0,22700.0,1.0,22600.0,1.0,22500.0,1.0,22400.0,1,22300.0,1.0,22200.0,1.0,22100.0,1.0,22000.0,1.0,21900.0,1.0,21800.0,1.0,22800.0,1.0,22900.0,1.0,23000.0,1.0,23100.0,1.0,23200.0,1.0,23300.0,1.0,23400.0,1.0,23500.0,1.0,23600.0,1.0,23700.0,1.0
000629.SZ,2020-08-10,09:57:51,22700.0,0.0,0.0,22700.0,1.0,22600.0,1.0,22500.0,1.0,22400.0,1,22300.0,1.0,22200.0,1.0,22100.0,1.0,22000.0,1.0,21900.0,1.0,21800.0,1.0,22800.0,1.0,22900.0,1.0,23000.0,1.0,23100.0,1.0,23200.0,1.0,23300.0,1.0,23400.0,1.0,23500.0,1.0,23600.0,1.0,23700.0,1.0
000629.SZ,2020-08-10,09:57:52,22700.0,0.0,0.0,22700.0,1.0,22600.0,1.0,22500.0,1.0,22400.0,1,22300.0,1.0,22200.0,1.0,22100.0,1.0,22000.0,1.0,21900.0,1.0,21800.0,1.0,22800.0,1.0,22900.0,1.0,23000.0,1.0,23100.0,1.0,23200.0,1.0,23300.0,1.0,23400.0,1.0,23500.0,1.0,23600.0,1.0,23700.0,1.0
000629.SZ,2020-08-10,09:57:53,22700.0,0.0,0.0,22700.0,1.0,22600.0,1.0,22500.0,1.0,22400.0,1,22300.0,1.0,22200.0,1.0,22100.0,1.0,22000.0,1.0,21900.0,1.0,21800.0,1.0,22800.0,1.0,22900.0,1.0,23000.0,1.0,23100.0,1.0,23200.0,1.0,23300.0,1.0,23400.0,1.0,23500.0,1.0,23600.0,1.0,23700.0,1.0
000629.SZ,2020-08-10,09:57:54,22700.0,13500.0,307800000.0,22700.0,1.0,22600.0,1.0,22500.0,1.0,22400.0,1,22300.0,1.0,22200.0,1.0,22100.0,1.0,22000.0,1.0,21900.0,1.0,21800.0,1.0,22800.0,1.0,22900.0,1.0,23000.0,1.0,23100.0,1.0,23200.0,1.0,23300.0,1.0,23400.0,1.0,23500.0,1.0,23600.0,1.0,23700.0,1.0
000629.SZ,2020-08-10,09:57:55,22800.0,0.0,0.0,22700.0,1.0,22600.0,1.0,22500.0,1.0,22400.0,1,22300.0,1.0,22200.0,1.0,22100.0,1.0,22000.0,1.0,21900.0,1.0,21800.0,1.0,22800.0,1.0,22900.0,1.0,23000.0,1.0,23100.0,1.0,23200.0,1.0,23300.0,1.0,23400.0,1.0,23500.0,1.0,23600.0,1.0,23700.0,1.0
000629.SZ,2020-08-10,09:57:56,22800.0,0.0,0.0,22700.0,1.0,22600.0,1.0,22500.0,1.0,22400.0,1,22300.0,1.0,22200.0,1.0,22100.0,1.0,22000.0,1.0,21900.0,1.0,21800.0,1.0,22800.0,1.0,22900.0,1.0,23000.0,1.0,23100.0,1.0,23200.0,1.0,23300.0,1.0,23400.0,1.0,23500.0,1.0,23600.0,1.0,23700.0,1.0
000629.SZ,2020-08-10,09:57:57,22800.0,0.0,0.0,22700.0,1.0,22600.0,1.0,22500.0,1.0,22400.0,1,22300.0,1.0,22200.0,1.0,22100.0,1.0,22000.0,1.0,21900.0,1.0,21800.0,1.0,22800.0,1.0,22900.0,1.0,23000.0,1.0,23100.0,1.0,23200.0,1.0,23300.0,1.0,23400.0,1.0,23500.0,1.0,23600.0,1.0,23700.0,1.0
000629.SZ,2020-08-10,09:57:58,22800.0,0.0,0.0,22700.0,1.0,22600.0,1.0,22500.0,1.0,22400.0,1,22300.0,1.0,22200.0,1.0,22100.0,1.0,22000.0,1.0,21900.0,1.0,21800.0,1.0,22800.0,1.0,22900.0,1.0,23000.0,1.0,23100.0,1.0,23200.0,1.0,23300.0,1.0,23400.0,1.0,23500.0,1.0,23600.0,1.0,23700.0,1.0
000629.SZ,2020-08-10,09:57:59,22800.0,0.0,0.0,22700.0,1.0,22600.0,1.0,22500.0,1.0,22400.0,1,22300.0,1.0,22200.0,1.0,22100.0,1.0,22000.0,1.0,21900.0,1.0,21800.0,1.0,22800.0,1.0,22900.0,1.0,23000.0,1.0,23100.0,1.0,23200.0,1.0,23300.0,1.0,23400.0,1.0,23500.0,1.0,23600.0,1.0,23700.0,1.0
000629.SZ,2020-08-10,09:58:00,22800.0,0.0,0.0,22700.0,1.0,22600.0,1.0,22500.0,1.0,22400.0,1,22300.0,1.0,22200.0,1.0,22100.0,1.0,22000.0,1.0,21900.0,1.0,21800.0,1.0,22800.0,1.0,22900.0,1.0,23000.0,1.0,23100.0,1.0,23200.0,1.0,23300.0,1.0,23400.0,1.0,23500.0,1.0,23600.0,1.0,23700.0,1.0
000629.SZ,2020-08-10,09:58:01,22800.0,0.0,0.0,22700.0,1.0,22600.0,1.0,22500.0,1.0,22400.0,1,22300.0,1.0,22200.0,1.0,22100.0,1.0,22000.0,1.0,21900.0,1.0,21800.0,1.0,22800.0,1.0,22900.0,1.0,23000.0,1.0,23100.0,1.0,23200.0,1.0,23300.0,1.0,23400.0,1.0,23500.0,1.0,23600.0,1.0,23700.0,1.0
000629.SZ,2020-08-10,09:58:02,22800.0,0.0,0.0,22700.0,1.0,22600.0,1.0,22500.0,1.0,22400.0,1,22300.0,1.0,22200.0,1.0,22100.0,1.0,22000.0,1.0,21900.0,1.0,21800.0,1.0,22800.0,1.0,22900.0,1.0,23000.0,1.0,23100.0,1.0,23200.0,1.0,23300.0,1.0,23400.0,1.0,23500.0,1.0,23600.0,1.0,23700.0,1.0
000629.SZ,2020-08-10,09:58:03,22800.0,0.0,0.0,22700.0,1.0,22600.0,1.0,22500.0,1.0,22400.0,1,22300.0,1.0,22200.0,1.0,22100.0,1.0,22000.0,1.0,21900.0,1.0,21800.0,1.0,22800.0,1.0,22900.0,1.0,23000.0,1.0,23100.0,1.0,23200.0,1.0,23300.0,1.0,23400.0,1.0,23500.0,1.0,23600.0,1.0,23700.0,1.0
000629.SZ,2020-08-10,09:58:04,22800.0,0.0,0.0,22700.0,1.0,22600.0,1.0,22500.0,1.0,22400.0,1,22300.0,1.0,22200.0,1.0,22100.0,1.0,22000.0,1.0,21900.0,1.0,21800.0,1.0,22800.0,1.0,22900.0,1.0,23000.0,1.0,23100.0,1.0,23200.0,1.0,23300.0,1.0,23400.0,1.0,23500.0,1.0,23600.0,1.0,23700.0,1.0
000629.SZ,2020-08-10,09:58:05,22800.0,0.0,0.0,22700.0,1.0,22600.0,1.0,22500.0,1.0,22400.0,1,22300.0,1.0,22200.0,1.0,22100.0,1.0,22000.0,1.0,21900.0,1.0,21800.0,1.0,22800.0,1.0,22900.0,1.0,23000.0,1.0,23100.0,1.0,23200.0,1.0,23300.0,1.0,23400.0,1.0,23500.0,1.0,23600.0,1.0,23700.0,1.0
000629.SZ,2020-08-10,09:58:06,22800.0,0.0,0.0,22700.0,1.0,22600.0,1.0,22500.0,1.0,22400.0,1,22300.0,1.0,22200.0,1.0,22100.0,1.0,22000.0,1.0,21900.0,1.0,21800.0,1.0,22800.0,1.0,22900.0,1.0,23000.0,1.0,23100.0,1.0,23200.0,1.0,23300.0,1.0,23400.0,1.0,23500.0,1.0,23600.0,1.0,23700.0,1.0
000629.SZ,2020-08-10,09:58:07,22800.0,0.0,0.0,22700.0,1.0,22600.0,1.0,22500.0,1.0,22400.0,1,22300.0,1.0,22200.0,1.0,22100.0,1.0,22000.0,1.0,21900.0,1.0,21800.0,1.0,22800.0,1.0,22900.0,1.0,23000.0,1.0,23100.0,1.0,23200.0,1.0,23300.0,1.0,23400.0,1.0,23500.0,1.0,23600.0,1.0,23700.0,1.0
000629.SZ,2020-08-10,09:58:08,22800.0,19400.0,440380000.0,22700.0,1.0,22600.0,1.0,22500.0,1.0,22400.0,1,22300.0,1.0,22200.0,1.0,22100.0,1.0,22000.0,1.0,21900.0,1.0,21800.0,1.0,22800.0,1.0,22900.0,1.0,23000.0,1.0,23100.0,1.0,23200.0,1.0,23300.0,1.0,23400.0,1.0,23500.0,1.0,23600.0,1.0,23700.0,1.0
000629.SZ,2020-08-10,09:58:09,22700.0,0.0,0.0,22700.0,1.0,22600.0,1.0,22500.0,1.0,22400.0,1,22300.0,1.0,22200.0,1.0,22100.0,1.0,22000.0,1.0,21900.0,1.0,21800.0,1.0,22800.0,1.0,22900.0,1.0,23000.0,1.0,23100.0,1.0,23200.0,1.0,23300.0,1.0,23400.0,1.0,23500.0,1.0,23600.0,1.0,23700.0,1.0
000629.SZ,2020-08-10,09:58:10,22700.0,0.0,0.0,22700.0,1.0,22600.0,1.0,22500.0,1.0,22400.0,1,22300.0,1.0,22200.0,1.0,22100.0,1.0,22000.0,1.0,21900.0,1.0,21800.0,1.0,22800.0,1.0,22900.0,1.0,23000.0,1.0,23100.0,1.0,23200.0,1.0,23300.0,1.0,23400.0,1.0,23500.0,1.0,23600.0,1.0,23700.0,1.0
000629.SZ,2020-08-10,09:58:11,22700.0,100.0,2280000.0,22700.0,1.0,22600.0,1.0,22500.0,1.0,22400.0,1,22300.0,1.0,22200.0,1.0,22100.0,1.0,22000.0,1.0,21900.0,1.0,21800.0,1.0,22800.0,1.0,22900.0,1.0,23000.0,1.0,23100.0,1.0,23200.0,1.0,23300.0,1.0,23400.0,1.0,23500.0,1.0,23600.0,1.0,23700.0,1.0
000629.SZ,2020-08-10,09:58:12,22800.0,0.0,0.0,22700.0,1.0,22600.0,1.0,22500.0,1.0,22400.0,1,22300.0,1.0,22200.0,1.0,22100.0,1.0,22000.0,1.0,21900.0,1.0,21800.0,1.0,22800.0,1.0,22900.0,1.0,23000.0,1.0,23100.0,1.0,23200.0,1.0,23300.0,1.0,23400.0,1.0,23500.0,1.0,23600.0,1.0,23700.0,1.0
000629.SZ,2020-08-10,09:58:13,22800.0,0.0,0.0,22700.0,1.0,22600.0,1.0,22500.0,1.0,22400.0,1,22300.0,1.0,22200.0,1.0,22100.0,1.0,22000.0,1.0,21900.0,1.0,21800.0,1.0,22800.0,1.0,22900.0,1.0,23000.0,1.0,23100.0,1.0,23200.0,1.0,23300.0,1.0,23400.0,1.0,23500.0,1.0,23600.0,1.0,23700.0,1.0
000629.SZ,2020-08-10,09:58:14,22800.0,3000.0,68400000.0,22700.0,1.0,22600.0,1.0,22500.0,1.0,22400.0,1,22300.0,1.0,22200.0,1.0,22100.0,1.0,22000.0,1.0,21900.0,1.0,21800.0,1.0,22800.0,1.0,22900.0,1.0,23000.0,1.0,23100.0,1.0,23200.0,1.0,23300.0,1.0,23400.0,1.0,23500.0,1.0,23600.0,1.0,23700.0,1.0
000629.SZ,2020-08-10,09:58:15,22800.0,0.0,0.0,22700.0,1.0,22600.0,1.0,22500.0,1.0,22400.0,1,22300.0,1.0,22200.0,1.0,22100.0,1.0,22000.0,1.0,21900.0,1.0,21800.0,1.0,22800.0,1.0,22900.0,1.0,23000.0,1.0,23100.0,1.0,23200.0,1.0,23300.0,1.0,23400.0,1.0,23500.0,1.0,23600.0,1.0,23700.0,1.0
000629.SZ,2020-08-10,09:58:16,22800.0,1700.0,38760000.0,22700.0,1.0,22600.0,1.0,22500.0,1.0,22400.0,1,22300.0,1.0,22200.0,1.0,22100.0,1.0,22000.0,1.0,21900.0,1.0,21800.0,1.0,22800.0,1.0,22900.0,1.0,23000.0,1.0,23100.0,1.0,23200.0,1.0,23300.0,1.0,23400.0,1.0,23500.0,1.0,23600.0,1.0,23700.0,1.0
000629.SZ,2020-08-10,09:58:17,22800.0,0.0,0.0,22700.0,1.0,22600.0,1.0,22500.0,1.0,22400.0,1,22300.0,1.0,22200.0,1.0,22100.0,1.0,22000.0,1.0,21900.0,1.0,21800.0,1.0,22800.0,1.0,22900.0,1.0,23000.0,1.0,23100.0,1.0,23200.0,1.0,23300.0,1.0,23400.0,1.0,23500.0,1.0,23600.0,1.0,23700.0,1.0
000629.SZ,2020-08-10,09:58:18,22800.0,0.0,0.0,22700.0,1.0,22600.0,1.0,22500.0,1.0,22400.0,1,22300.0,1.0,22200.0,1.0,22100.0,1.0,22000.0,1.0,21900.0,1.0,21800.0,1.0,22800.0,1.0,22900.0,1.0,23000.0,1.0,23100.0,1.0,23200.0,1.0,23300.0,1.0,23400.0,1.0,23500.0,1.0,23600.0,1.0,23700.0,1.0
000629.SZ,2020-08-10,09:58:19,22800.0,0.0,0.0,22700.0,1.0,22600.0,1.0,22500.0,1.0,22400.0,1,22300.0,1.0,22200.0,1.0,22100.0,1.0,22000.0,1.0,21900.0,1.0,21800.0,1.0,22800.0,1.0,22900.0,1.0,23000.0,1.0,23100.0,1.0,23200.0,1.0,23300.0,1.0,23400.0,1.0,23500.0,1.0,23600.0,1.0,23700.0,1.0
000629.SZ,2020-08-10,09:58:20,22800.0,1000.0,22800000.0,22700.0,1.0,22600.0,1.0,22500.0,1.0,22400.0,1,22300.0,1.0,22200.0,1.0,22100.0,1.0,22000.0,1.0,21900.0,1.0,21800.0,1.0,22800.0,1.0,22900.0,1.0,23000.0,1.0,23100.0,1.0,23200.0,1.0,23300.0,1.0,23400.0,1.0,23500.0,1.0,23600.0,1.0,23700.0,1.0
000629.SZ,2020-08-10,09:58:21,22800.0,0.0,0.0,22700.0,1.0,22600.0,1.0,22500.0,1.0,22400.0,1,22300.0,1.0,22200.0,1.0,22100.0,1.0,22000.0,1.0,21900.0,1.0,21800.0,1.0,22800.0,1.0,22900.0,1.0,23000.0,1.0,23100.0,1.0,23200.0,1.0,23300.0,1.0,23400.0,1.0,23500.0,1.0,23600.0,1.0,23700.0,1.0
000629.SZ,2020-08-10,09:58:22,22800.0,800.0,18240000.0,22700.0,1.0,22600.0,1.0,22500.0,1.0,22400.0,1,22300.0,1.0,22200.0,1.0,22100.0,1.0,22000.0,1.0,21900.0,1.0,21800.0,1.0,22800.0,1.0,22900.0,1.0,23000.0,1.0,23100.0,1.0,23200.0,1.0,23300.0,1.0,23400.0,1.0,23500.0,1.0,23600.0,1.0,23700.0,1.0
000629.SZ,2020-08-10,09:58:23,22800.0,0.0,0.0,22700.0,1.0,22600.0,1.0,22500.0,1.0,22400.0,1,22300.0,1.0,22200.0,1.0,22100.0,1.0,22000.0,1.0,21900.0,1.0,21800.0,1.0,22800.0,1.0,22900.0,1.0,23000.0,1.0,23100.0,1.0,23200.0,1.0,23300.0,1.0,23400.0,1.0,23500.0,1.0,23600.0,1.0,23700.0,1.0
000629.SZ,2020-08-10,09:58:24,22800.0,225300.0,5136389400.0,22700.0,1.0,22600.0,1.0,22500.0,1.0,22400.0,1,22300.0,1.0,22200.0,1.0,22100.0,1.0,22000.0,1.0,21900.0,1.0,21800.0,1.0,22800.0,1.0,22900.0,1.0,23000.0,1.0,23100.0,1.0,23200.0,1.0,23300.0,1.0,23400.0,1.0,23500.0,1.0,23600.0,1.0,23700.0,1.0
000629.SZ,2020-08-10,09:58:25,22700.0,0.0,0.0,22700.0,1.0,22600.0,1.0,22500.0,1.0,22400.0,1,22300.0,1.0,22200.0,1.0,22100.0,1.0,22000.0,1.0,21900.0,1.0,21800.0,1.0,22800.0,1.0,22900.0,1.0,23000.0,1.0,23100.0,1.0,23200.0,1.0,23300.0,1.0,23400.0,1.0,23500.0,1.0,23600.0,1.0,23700.0,1.0
000629.SZ,2020-08-10,09:58:26,22700.0,0.0,0.0,22700.0,1.0,22600.0,1.0,22500.0,1.0,22400.0,1,22300.0,1.0,22200.0,1.0,22100.0,1.0,22000.0,1.0,21900.0,1.0,21800.0,1.0,22800.0,1.0,22900.0,1.0,23000.0,1.0,23100.0,1.0,23200.0,1.0,23300.0,1.0,23400.0,1.0,23500.0,1.0,23600.0,1.0,23700.0,1.0
000629.SZ,2020-08-10,09:58:27,22700.0,0.0,0.0,22700.0,1.0,22600.0,1.0,22500.0,1.0,22400.0,1,22300.0,1.0,22200.0,1.0,22100.0,1.0,22000.0,1.0,21900.0,1.0,21800.0,1.0,22800.0,1.0,22900.0,1.0,23000.0,1.0,23100.0,1.0,23200.0,1.0,23300.0,1.0,23400.0,1.0,23500.0,1.0,23600.0,1.0,23700.0,1.0
000629.SZ,2020-08-10,09:58:28,22700.0,6200.0,141360000.0,22700.0,1.0,22600.0,1.0,22500.0,1.0,22400.0,1,22300.0,1.0,22200.0,1.0,22100.0,1.0,22000.0,1.0,21900.0,1.0,21800.0,1.0,22800.0,1.0,22900.0,1.0,23000.0,1.0,23100.0,1.0,23200.0,1.0,23300.0,1.0,23400.0,1.0,23500.0,1.0,23600.0,1.0,23700.0,1.0
000629.SZ,2020-08-10,09:58:29,22800.0,100000.0,2270000000.0,22700.0,1.0,22600.0,1.0,22500.0,1.0,22400.0,1,22300.0,1.0,22200.0,1.0,22100.0,1.0,22000.0,1.0,21900.0,1.0,21800.0,1.0,22800.0,1.0,22900.0,1.0,23000.0,1.0,23100.0,1.0,23200.0,1.0,23300.0,1.0,23400.0,1.0,23500.0,1.0,23600.0,1.0,23700.0,1.0
000629.SZ,2020-08-10,09:58:30,22700.0,0.0,0.0,22700.0,1.0,22600.0,1.0,22500.0,1.0,22400.0,1,22300.0,1.0,22200.0,1.0,22100.0,1.0,22000.0,1.0,21900.0,1.0,21800.0,1.0,22800.0,1.0,22900.0,1.0,23000.0,1.0,23100.0,1.0,23200.0,1.0,23300.0,1.0,23400.0,1.0,23500.0,1.0,23600.0,1.0,23700.0,1.0
000629.SZ,2020-08-10,09:58:31,22700.0,0.0,0.0,22700.0,1.0,22600.0,1.0,22500.0,1.0,22400.0,1,22300.0,1.0,22200.0,1.0,22100.0,1.0,22000.0,1.0,21900.0,1.0,21800.0,1.0,22800.0,1.0,22900.0,1.0,23000.0,1.0,23100.0,1.0,23200.0,1.0,23300.0,1.0,23400.0,1.0,23500.0,1.0,23600.0,1.0,23700.0,1.0
000629.SZ,2020-08-10,09:58:32,22700.0,0.0,0.0,22700.0,1.0,22600.0,1.0,22500.0,1.0,22400.0,1,22300.0,1.0,22200.0,1.0,22100.0,1.0,22000.0,1.0,21900.0,1.0,21800.0,1.0,22800.0,1.0,22900.0,1.0,23000.0,1.0,23100.0,1.0,23200.0,1.0,23300.0,1.0,23400.0,1.0,23500.0,1.0,23600.0,1.0,23700.0,1.0
000629.SZ,2020-08-10,09:58:33,22700.0,0.0,0.0,22700.0,1.0,22600.0,1.0,22500.0,1.0,22400.0,1,22300.0,1.0,22200.0,1.0,22100.0,1.0,22000.0,1.0,21900.0,1.0,21800.0,1.0,22800.0,1.0,22900.0,1.0,23000.0,1.0,23100.0,1.0,23200.0,1.0,23300.0,1.0,23400.0,1.0,23500.0,1.0,23600.0,1.0,23700.0,1.0
000629.SZ,2020-08-10,09:58:34,22700.0,0.0,0.0,22700.0,1.0,22600.0,1.0,22500.0,1.0,22400.0,1,22300.0,1.0,22200.0,1.0,22100.0,1.0,22000.0,1.0,21900.0,1.0,21800.0,1.0,22800.0,1.0,22900.0,1.0,23000.0,1.0,23100.0,1.0,23200.0,1.0,23300.0,1.0,23400.0,1.0,23500.0,1.0,23600.0,1.0,23700.0,1.0
000629.SZ,2020-08-10,09:58:35,22700.0,0.0,0.0,22700.0,1.0,22600.0,1.0,22500.0,1.0,22400.0,1,22300.0,1.0,22200.0,1.0,22100.0,1.0,22000.0,1.0,21900.0,1.0,21800.0,1.0,22800.0,1.0,22900.0,1.0,23000.0,1.0,23100.0,1.0,23200.0,1.0,23300.0,1.0,23400.0,1.0,23500.0,1.0,23600.0,1.0,23700.0,1.0
000629.SZ,2020-08-10,09:58:36,22700.0,0.0,0.0,22700.0,1.0,22600.0,1.0,22500.0,1.0,22400.0,1,22300.0,1.0,22200.0,1.0,22100.0,1.0,22000.0,1.0,21900.0,1.0,21800.0,1.0,22800.0,1.0,22900.0,1.0,23000.0,1.0,23100.0,1.0,23200.0,1.0,23300.0,1.0,23400.0,1.0,23500.0,1.0,23600.0,1.0,23700.0,1.0
000629.SZ,2020-08-10,09:58:37,22700.0,0.0,0.0,22700.0,1.0,22600.0,1.0,22500.0,1.0,22400.0,1,22300.0,1.0,22200.0,1.0,22100.0,1.0,22000.0,1.0,21900.0,1.0,21800.0,1.0,22800.0,1.0,22900.0,1.0,23000.0,1.0,23100.0,1.0,23200.0,1.0,23300.0,1.0,23400.0,1.0,23500.0,1.0,23600.0,1.0,23700.0,1.0
000629.SZ,2020-08-10,09:58:38,22700.0,0.0,0.0,22700.0,1.0,22600.0,1.0,22500.0,1.0,22400.0,1,22300.0,1.0,22200.0,1.0,22100.0,1.0,22000.0,1.0,21900.0,1.0,21800.0,1.0,22800.0,1.0,22900.0,1.0,23000.0,1.0,23100.0,1.0,23200.0,1.0,23300.0,1.0,23400.0,1.0,23500.0,1.0,23600.0,1.0,23700.0,1.0
000629.SZ,2020-08-10,09:58:39,22700.0,0.0,0.0,22700.0,1.0,22600.0,1.0,22500.0,1.0,22400.0,1,22300.0,1.0,22200.0,1.0,22100.0,1.0,22000.0,1.0,21900.0,1.0,21800.0,1.0,22800.0,1.0,22900.0,1.0,23000.0,1.0,23100.0,1.0,23200.0,1.0,23300.0,1.0,23400.0,1.0,23500.0,1.0,23600.0,1.0,23700.0,1.0
000629.SZ,2020-08-10,09:58:40,22700.0,0.0,0.0,22700.0,1.0,22600.0,1.0,22500.0,1.0,22400.0,1,22300.0,1.0,22200.0,1.0,22100.0,1.0,22000.0,1.0,21900.0,1.0,21800.0,1.0,22800.0,1.0,22900.0,1.0,23000.0,1.0,23100.0,1.0,23200.0,1.0,23300.0,1.0,23400.0,1.0,23500.0,1.0,23600.0,1.0,23700.0,1.0
000629.SZ,2020-08-10,09:58:41,22700.0,0.0,0.0,22700.0,1.0,22600.0,1.0,22500.0,1.0,22400.0,1,22300.0,1.0,22200.0,1.0,22100.0,1.0,22000.0,1.0,21900.0,1.0,21800.0,1.0,22800.0,1.0,22900.0,1.0,23000.0,1.0,23100.0,1.0,23200.0,1.0,23300.0,1.0,23400.0,1.0,23500.0,1.0,23600.0,1.0,23700.0,1.0
000629.SZ,2020-08-10,09:58:42,22700.0,0.0,0.0,22700.0,1.0,22600.0,1.0,22500.0,1.0,22400.0,1,22300.0,1.0,22200.0,1.0,22100.0,1.0,22000.0,1.0,21900.0,1.0,21800.0,1.0,22800.0,1.0,22900.0,1.0,23000.0,1.0,23100.0,1.0,23200.0,1.0,23300.0,1.0,23400.0,1.0,23500.0,1.0,23600.0,1.0,23700.0,1.0
000629.SZ,2020-08-10,09:58:43,22700.0,0.0,0.0,22700.0,1.0,22600.0,1.0,22500.0,1.0,22400.0,1,22300.0,1.0,22200.0,1.0,22100.0,1.0,22000.0,1.0,21900.0,1.0,21800.0,1.0,22800.0,1.0,22900.0,1.0,23000.0,1.0,23100.0,1.0,23200.0,1.0,23300.0,1.0,23400.0,1.0,23500.0,1.0,23600.0,1.0,23700.0,1.0
000629.SZ,2020-08-10,09:58:44,22700.0,0.0,0.0,22700.0,1.0,22600.0,1.0,22500.0,1.0,22400.0,1,22300.0,1.0,22200.0,1.0,22100.0,1.0,22000.0,1.0,21900.0,1.0,21800.0,1.0,22800.0,1.0,22900.0,1.0,23000.0,1.0,23100.0,1.0,23200.0,1.0,23300.0,1.0,23400.0,1.0,23500.0,1.0,23600.0,1.0,23700.0,1.0
000629.SZ,2020-08-10,09:58:45,22700.0,0.0,0.0,22700.0,1.0,22600.0,1.0,22500.0,1.0,22400.0,1,22300.0,1.0,22200.0,1.0,22100.0,1.0,22000.0,1.0,21900.0,1.0,21800.0,1.0,22800.0,1.0,22900.0,1.0,23000.0,1.0,23100.0,1.0,23200.0,1.0,23300.0,1.0,23400.0,1.0,23500.0,1.0,23600.0,1.0,23700.0,1.0
000629.SZ,2020-08-10,09:58:46,22700.0,6400.0,145920000.0,22700.0,1.0,22600.0,1.0,22500.0,1.0,22400.0,1,22300.0,1.0,22200.0,1.0,22100.0,1.0,22000.0,1.0,21900.0,1.0,21800.0,1.0,22800.0,1.0,22900.0,1.0,23000.0,1.0,23100.0,1.0,23200.0,1.0,23300.0,1.0,23400.0,1.0,23500.0,1.0,23600.0,1.0,23700.0,1.0
000629.SZ,2020-08-10,09:58:47,22800.0,0.0,0.0,22700.0,1.0,22600.0,1.0,22500.0,1.0,22400.0,1,22300.0,1.0,22200.0,1.0,22100.0,1.0,22000.0,1.0,21900.0,1.0,21800.0,1.0,22800.0,1.0,22900.0,1.0,23000.0,1.0,23100.0,1.0,23200.0,1.0,23300.0,1.0,23400.0,1.0,23500.0,1.0,23600.0,1.0,23700.0,1.0
000629.SZ,2020-08-10,09:58:48,22800.0,0.0,0.0,22700.0,1.0,22600.0,1.0,22500.0,1.0,22400.0,1,22300.0,1.0,22200.0,1.0,22100.0,1.0,22000.0,1.0,21900.0,1.0,21800.0,1.0,22800.0,1.0,22900.0,1.0,23000.0,1.0,23100.0,1.0,23200.0,1.0,23300.0,1.0,23400.0,1.0,23500.0,1.0,23600.0,1.0,23700.0,1.0
000629.SZ,2020-08-10,09:58:49,22800.0,0.0,0.0,22700.0,1.0,22600.0,1.0,22500.0,1.0,22400.0,1,22300.0,1.0,22200.0,1.0,22100.0,1.0,22000.0,1.0,21900.0,1.0,21800.0,1.0,22800.0,1.0,22900.0,1.0,23000.0,1.0,23100.0,1.0,23200.0,1.0,23300.0,1.0,23400.0,1.0,23500.0,1.0,23600.0,1.0,23700.0,1.0
000629.SZ,2020-08-10,09:58:50,22800.0,182400.0,4140480000.0,22700.0,1.0,22600.0,1.0,22500.0,1.0,22400.0,1,22300.0,1.0,22200.0,1.0,22100.0,1.0,22000.0,1.0,21900.0,1.0,21800.0,1.0,22800.0,1.0,22900.0,1.0,23000.0,1.0,23100.0,1.0,23200.0,1.0,23300.0,1.0,23400.0,1.0,23500.0,1.0,23600.0,1.0,23700.0,1.0
000629.SZ,2020-08-10,09:58:51,22700.0,0.0,0.0,22700.0,1.0,22600.0,1.0,22500.0,1.0,22400.0,1,22300.0,1.0,22200.0,1.0,22100.0,1.0,22000.0,1.0,21900.0,1.0,21800.0,1.0,22800.0,1.0,22900.0,1.0,23000.0,1.0,23100.0,1.0,23200.0,1.0,23300.0,1.0,23400.0,1.0,23500.0,1.0,23600.0,1.0,23700.0,1.0
000629.SZ,2020-08-10,09:58:52,22700.0,0.0,0.0,22700.0,1.0,22600.0,1.0,22500.0,1.0,22400.0,1,22300.0,1.0,22200.0,1.0,22100.0,1.0,22000.0,1.0,21900.0,1.0,21800.0,1.0,22800.0,1.0,22900.0,1.0,23000.0,1.0,23100.0,1.0,23200.0,1.0,23300.0,1.0,23400.0,1.0,23500.0,1.0,23600.0,1.0,23700.0,1.0
000629.SZ,2020-08-10,09:58:53,22700.0,0.0,0.0,22700.0,1.0,22600.0,1.0,22500.0,1.0,22400.0,1,22300.0,1.0,22200.0,1.0,22100.0,1.0,22000.0,1.0,21900.0,1.0,21800.0,1.0,22800.0,1.0,22900.0,1.0,23000.0,1.0,23100.0,1.0,23200.0,1.0,23300.0,1.0,23400.0,1.0,23500.0,1.0,23600.0,1.0,23700.0,1.0
000629.SZ,2020-08-10,09:58:54,22700.0,0.0,0.0,22700.0,1.0,22600.0,1.0,22500.0,1.0,22400.0,1,22300.0,1.0,22200.0,1.0,22100.0,1.0,22000.0,1.0,21900.0,1.0,21800.0,1.0,22800.0,1.0,22900.0,1.0,23000.0,1.0,23100.0,1.0,23200.0,1.0,23300.0,1.0,23400.0,1.0,23500.0,1.0,23600.0,1.0,23700.0,1.0
000629.SZ,2020-08-10,09:58:55,22700.0,0.0,0.0,22700.0,1.0,22600.0,1.0,22500.0,1.0,22400.0,1,22300.0,1.0,22200.0,1.0,22100.0,1.0,22000.0,1.0,21900.0,1.0,21800.0,1.0,22800.0,1.0,22900.0,1.0,23000.0,1.0,23100.0,1.0,23200.0,1.0,23300.0,1.0,23400.0,1.0,23500.0,1.0,23600.0,1.0,23700.0,1.0
000629.SZ,2020-08-10,09:58:56,22700.0,0.0,0.0,22700.0,1.0,22600.0,1.0,22500.0,1.0,22400.0,1,22300.0,1.0,22200.0,1.0,22100.0,1.0,22000.0,1.0,21900.0,1.0,21800.0,1.0,22800.0,1.0,22900.0,1.0,23000.0,1.0,23100.0,1.0,23200.0,1.0,23300.0,1.0,23400.0,1.0,23500.0,1.0,23600.0,1.0,23700.0,1.0
000629.SZ,2020-08-10,09:58:57,22700.0,0.0,0.0,22700.0,1.0,22600.0,1.0,22500.0,1.0,22400.0,1,22300.0,1.0,22200.0,1.0,22100.0,1.0,22000.0,1.0,21900.0,1.0,21800.0,1.0,22800.0,1.0,22900.0,1.0,23000.0,1.0,23100.0,1.0,23200.0,1.0,23300.0,1.0,23400.0,1.0,23500.0,1.0,23600.0,1.0,23700.0,1.0
000629.SZ,2020-08-10,09:58:58,22700.0,0.0,0.0,22700.0,1.0,22600.0,1.0,22500.0,1.0,22400.0,1,22300.0,1.0,22200.0,1.0,22100.0,1.0,22000.0,1.0,21900.0,1.0,21800.0,1.0,22800.0,1.0,22900.0,1.0,23000.0,1.0,23100.0,1.0,23200.0,1.0,23300.0,1.0,23400.0,1.0,23500.0,1.0,23600.0,1.0,23700.0,1.0
000629.SZ,2020-08-10,09:58:59,22700.0,0.0,0.0,22700.0,1.0,22600.0,1.0,22500.0,1.0,22400.0,1,22300.0,1.0,22200.0,1.0,22100.0,1.0,22000.0,1.0,21900.0,1.0,21800.0,1.0,22800.0,1.0,22900.0,1.0,23000.0,1.0,23100.0,1.0,23200.0,1.0,23300.0,1.0,23400.0,1.0,23500.0,1.0,23600.0,1.0,23700.0,1.0
000629.SZ,2020-08-10,09:59:00,22700.0,0.0,0.0,22700.0,1.0,22600.0,1.0,22500.0,1.0,22400.0,1,22300.0,1.0,22200.0,1.0,22100.0,1.0,22000.0,1.0,21900.0,1.0,21800.0,1.0,22800.0,1.0,22900.0,1.0,23000.0,1.0,23100.0,1.0,23200.0,1.0,23300.0,1.0,23400.0,1.0,23500.0,1.0,23600.0,1.0,23700.0,1.0
000629.SZ,2020-08-10,09:59:01,22700.0,0.0,0.0,22700.0,1.0,22600.0,1.0,22500.0,1.0,22400.0,1,22300.0,1.0,22200.0,1.0,22100.0,1.0,22000.0,1.0,21900.0,1.0,21800.0,1.0,22800.0,1.0,22900.0,1.0,23000.0,1.0,23100.0,1.0,23200.0,1.0,23300.0,1.0,23400.0,1.0,23500.0,1.0,23600.0,1.0,23700.0,1.0
000629.SZ,2020-08-10,09:59:02,22700.0,0.0,0.0,22700.0,1.0,22600.0,1.0,22500.0,1.0,22400.0,1,22300.0,1.0,22200.0,1.0,22100.0,1.0,22000.0,1.0,21900.0,1.0,21800.0,1.0,22800.0,1.0,22900.0,1.0,23000.0,1.0,23100.0,1.0,23200.0,1.0,23300.0,1.0,23400.0,1.0,23500.0,1.0,23600.0,1.0,23700.0,1.0
000629.SZ,2020-08-10,09:59:03,22700.0,0.0,0.0,22700.0,1.0,22600.0,1.0,22500.0,1.0,22400.0,1,22300.0,1.0,22200.0,1.0,22100.0,1.0,22000.0,1.0,21900.0,1.0,21800.0,1.0,22800.0,1.0,22900.0,1.0,23000.0,1.0,23100.0,1.0,23200.0,1.0,23300.0,1.0,23400.0,1.0,23500.0,1.0,23600.0,1.0,23700.0,1.0
000629.SZ,2020-08-10,09:59:04,22700.0,0.0,0.0,22700.0,1.0,22600.0,1.0,22500.0,1.0,22400.0,1,22300.0,1.0,22200.0,1.0,22100.0,1.0,22000.0,1.0,21900.0,1.0,21800.0,1.0,22800.0,1.0,22900.0,1.0,23000.0,1.0,23100.0,1.0,23200.0,1.0,23300.0,1.0,23400.0,1.0,23500.0,1.0,23600.0,1.0,23700.0,1.0
000629.SZ,2020-08-10,09:59:05,22700.0,0.0,0.0,22700.0,1.0,22600.0,1.0,22500.0,1.0,22400.0,1,22300.0,1.0,22200.0,1.0,22100.0,1.0,22000.0,1.0,21900.0,1.0,21800.0,1.0,22800.0,1.0,22900.0,1.0,23000.0,1.0,23100.0,1.0,23200.0,1.0,23300.0,1.0,23400.0,1.0,23500.0,1.0,23600.0,1.0,23700.0,1.0
000629.SZ,2020-08-10,09:59:06,22700.0,0.0,0.0,22700.0,1.0,22600.0,1.0,22500.0,1.0,22400.0,1,22300.0,1.0,22200.0,1.0,22100.0,1.0,22000.0,1.0,21900.0,1.0,21800.0,1.0,22800.0,1.0,22900.0,1.0,23000.0,1.0,23100.0,1.0,23200.0,1.0,23300.0,1.0,23400.0,1.0,23500.0,1.0,23600.0,1.0,23700.0,1.0
000629.SZ,2020-08-10,09:59:07,22700.0,0.0,0.0,22700.0,1.0,22600.0,1.0,22500.0,1.0,22400.0,1,22300.0,1.0,22200.0,1.0,22100.0,1.0,22000.0,1.0,21900.0,1.0,21800.0,1.0,22800.0,1.0,22900.0,1.0,23000.0,1.0,23100.0,1.0,23200.0,1.0,23300.0,1.0,23400.0,1.0,23500.0,1.0,23600.0,1.0,23700.0,1.0
000629.SZ,2020-08-10,09:59:08,22700.0,0.0,0.0,22700.0,1.0,22600.0,1.0,22500.0,1.0,22400.0,1,22300.0,1.0,22200.0,1.0,22100.0,1.0,22000.0,1.0,21900.0,1.0,21800.0,1.0,22800.0,1.0,22900.0,1.0,23000.0,1.0,23100.0,1.0,23200.0,1.0,23300.0,1.0,23400.0,1.0,23500.0,1.0,23600.0,1.0,23700.0,1.0
000629.SZ,2020-08-10,09:59:09,22700.0,500.0,11400000.0,22700.0,1.0,22600.0,1.0,22500.0,1.0,22400.0,1,22300.0,1.0,22200.0,1.0,22100.0,1.0,22000.0,1.0,21900.0,1.0,21800.0,1.0,22800.0,1.0,22900.0,1.0,23000.0,1.0,23100.0,1.0,23200.0,1.0,23300.0,1.0,23400.0,1.0,23500.0,1.0,23600.0,1.0,23700.0,1.0
000629.SZ,2020-08-10,09:59:10,22800.0,0.0,0.0,22700.0,1.0,22600.0,1.0,22500.0,1.0,22400.0,1,22300.0,1.0,22200.0,1.0,22100.0,1.0,22000.0,1.0,21900.0,1.0,21800.0,1.0,22800.0,1.0,22900.0,1.0,23000.0,1.0,23100.0,1.0,23200.0,1.0,23300.0,1.0,23400.0,1.0,23500.0,1.0,23600.0,1.0,23700.0,1.0
000629.SZ,2020-08-10,09:59:11,22800.0,0.0,0.0,22700.0,1.0,22600.0,1.0,22500.0,1.0,22400.0,1,22300.0,1.0,22200.0,1.0,22100.0,1.0,22000.0,1.0,21900.0,1.0,21800.0,1.0,22800.0,1.0,22900.0,1.0,23000.0,1.0,23100.0,1.0,23200.0,1.0,23300.0,1.0,23400.0,1.0,23500.0,1.0,23600.0,1.0,23700.0,1.0
000629.SZ,2020-08-10,09:59:12,22800.0,5300.0,120840000.0,22700.0,1.0,22600.0,1.0,22500.0,1.0,22400.0,1,22300.0,1.0,22200.0,1.0,22100.0,1.0,22000.0,1.0,21900.0,1.0,21800.0,1.0,22800.0,1.0,22900.0,1.0,23000.0,1.0,23100.0,1.0,23200.0,1.0,23300.0,1.0,23400.0,1.0,23500.0,1.0,23600.0,1.0,23700.0,1.0
000629.SZ,2020-08-10,09:59:13,22800.0,2200.0,49940000.0,22700.0,1.0,22600.0,1.0,22500.0,1.0,22400.0,1,22300.0,1.0,22200.0,1.0,22100.0,1.0,22000.0,1.0,21900.0,1.0,21800.0,1.0,22800.0,1.0,22900.0,1.0,23000.0,1.0,23100.0,1.0,23200.0,1.0,23300.0,1.0,23400.0,1.0,23500.0,1.0,23600.0,1.0,23700.0,1.0
000629.SZ,2020-08-10,09:59:14,22700.0,5500.0,124850000.0,22700.0,1.0,22600.0,1.0,22500.0,1.0,22400.0,1,22300.0,1.0,22200.0,1.0,22100.0,1.0,22000.0,1.0,21900.0,1.0,21800.0,1.0,22800.0,1.0,22900.0,1.0,23000.0,1.0,23100.0,1.0,23200.0,1.0,23300.0,1.0,23400.0,1.0,23500.0,1.0,23600.0,1.0,23700.0,1.0
000629.SZ,2020-08-10,09:59:15,22700.0,2200.0,49940000.0,22700.0,1.0,22600.0,1.0,22500.0,1.0,22400.0,1,22300.0,1.0,22200.0,1.0,22100.0,1.0,22000.0,1.0,21900.0,1.0,21800.0,1.0,22800.0,1.0,22900.0,1.0,23000.0,1.0,23100.0,1.0,23200.0,1.0,23300.0,1.0,23400.0,1.0,23500.0,1.0,23600.0,1.0,23700.0,1.0
000629.SZ,2020-08-10,09:59:16,22700.0,0.0,0.0,22700.0,1.0,22600.0,1.0,22500.0,1.0,22400.0,1,22300.0,1.0,22200.0,1.0,22100.0,1.0,22000.0,1.0,21900.0,1.0,21800.0,1.0,22800.0,1.0,22900.0,1.0,23000.0,1.0,23100.0,1.0,23200.0,1.0,23300.0,1.0,23400.0,1.0,23500.0,1.0,23600.0,1.0,23700.0,1.0
000629.SZ,2020-08-10,09:59:17,22700.0,1000.0,22700000.0,22700.0,1.0,22600.0,1.0,22500.0,1.0,22400.0,1,22300.0,1.0,22200.0,1.0,22100.0,1.0,22000.0,1.0,21900.0,1.0,21800.0,1.0,22800.0,1.0,22900.0,1.0,23000.0,1.0,23100.0,1.0,23200.0,1.0,23300.0,1.0,23400.0,1.0,23500.0,1.0,23600.0,1.0,23700.0,1.0
000629.SZ,2020-08-10,09:59:18,22700.0,0.0,0.0,22700.0,1.0,22600.0,1.0,22500.0,1.0,22400.0,1,22300.0,1.0,22200.0,1.0,22100.0,1.0,22000.0,1.0,21900.0,1.0,21800.0,1.0,22800.0,1.0,22900.0,1.0,23000.0,1.0,23100.0,1.0,23200.0,1.0,23300.0,1.0,23400.0,1.0,23500.0,1.0,23600.0,1.0,23700.0,1.0
000629.SZ,2020-08-10,09:59:19,22700.0,0.0,0.0,22700.0,1.0,22600.0,1.0,22500.0,1.0,22400.0,1,22300.0,1.0,22200.0,1.0,22100.0,1.0,22000.0,1.0,21900.0,1.0,21800.0,1.0,22800.0,1.0,22900.0,1.0,23000.0,1.0,23100.0,1.0,23200.0,1.0,23300.0,1.0,23400.0,1.0,23500.0,1.0,23600.0,1.0,23700.0,1.0
000629.SZ,2020-08-10,09:59:20,22700.0,1600.0,36320000.0,22700.0,1.0,22600.0,1.0,22500.0,1.0,22400.0,1,22300.0,1.0,22200.0,1.0,22100.0,1.0,22000.0,1.0,21900.0,1.0,21800.0,1.0,22800.0,1.0,22900.0,1.0,23000.0,1.0,23100.0,1.0,23200.0,1.0,23300.0,1.0,23400.0,1.0,23500.0,1.0,23600.0,1.0,23700.0,1.0
000629.SZ,2020-08-10,09:59:21,22700.0,0.0,0.0,22700.0,1.0,22600.0,1.0,22500.0,1.0,22400.0,1,22300.0,1.0,22200.0,1.0,22100.0,1.0,22000.0,1.0,21900.0,1.0,21800.0,1.0,22800.0,1.0,22900.0,1.0,23000.0,1.0,23100.0,1.0,23200.0,1.0,23300.0,1.0,23400.0,1.0,23500.0,1.0,23600.0,1.0,23700.0,1.0
000629.SZ,2020-08-10,09:59:22,22700.0,0.0,0.0,22700.0,1.0,22600.0,1.0,22500.0,1.0,22400.0,1,22300.0,1.0,22200.0,1.0,22100.0,1.0,22000.0,1.0,21900.0,1.0,21800.0,1.0,22800.0,1.0,22900.0,1.0,23000.0,1.0,23100.0,1.0,23200.0,1.0,23300.0,1.0,23400.0,1.0,23500.0,1.0,23600.0,1.0,23700.0,1.0
000629.SZ,2020-08-10,09:59:23,22700.0,8600.0,195220000.0,22700.0,1.0,22600.0,1.0,22500.0,1.0,22400.0,1,22300.0,1.0,22200.0,1.0,22100.0,1.0,22000.0,1.0,21900.0,1.0,21800.0,1.0,22800.0,1.0,22900.0,1.0,23000.0,1.0,23100.0,1.0,23200.0,1.0,23300.0,1.0,23400.0,1.0,23500.0,1.0,23600.0,1.0,23700.0,1.0
000629.SZ,2020-08-10,09:59:24,22700.0,0.0,0.0,22700.0,1.0,22600.0,1.0,22500.0,1.0,22400.0,1,22300.0,1.0,22200.0,1.0,22100.0,1.0,22000.0,1.0,21900.0,1.0,21800.0,1.0,22800.0,1.0,22900.0,1.0,23000.0,1.0,23100.0,1.0,23200.0,1.0,23300.0,1.0,23400.0,1.0,23500.0,1.0,23600.0,1.0,23700.0,1.0
000629.SZ,2020-08-10,09:59:25,22700.0,0.0,0.0,22700.0,1.0,22600.0,1.0,22500.0,1.0,22400.0,1,22300.0,1.0,22200.0,1.0,22100.0,1.0,22000.0,1.0,21900.0,1.0,21800.0,1.0,22800.0,1.0,22900.0,1.0,23000.0,1.0,23100.0,1.0,23200.0,1.0,23300.0,1.0,23400.0,1.0,23500.0,1.0,23600.0,1.0,23700.0,1.0
000629.SZ,2020-08-10,09:59:26,22700.0,54600.0,1239420000.0,22700.0,1.0,22600.0,1.0,22500.0,1.0,22400.0,1,22300.0,1.0,22200.0,1.0,22100.0,1.0,22000.0,1.0,21900.0,1.0,21800.0,1.0,22800.0,1.0,22900.0,1.0,23000.0,1.0,23100.0,1.0,23200.0,1.0,23300.0,1.0,23400.0,1.0,23500.0,1.0,23600.0,1.0,23700.0,1.0
000629.SZ,2020-08-10,09:59:27,22700.0,0.0,0.0,22700.0,1.0,22600.0,1.0,22500.0,1.0,22400.0,1,22300.0,1.0,22200.0,1.0,22100.0,1.0,22000.0,1.0,21900.0,1.0,21800.0,1.0,22800.0,1.0,22900.0,1.0,23000.0,1.0,23100.0,1.0,23200.0,1.0,23300.0,1.0,23400.0,1.0,23500.0,1.0,23600.0,1.0,23700.0,1.0
000629.SZ,2020-08-10,09:59:28,22700.0,5000.0,114000000.0,22700.0,1.0,22600.0,1.0,22500.0,1.0,22400.0,1,22300.0,1.0,22200.0,1.0,22100.0,1.0,22000.0,1.0,21900.0,1.0,21800.0,1.0,22800.0,1.0,22900.0,1.0,23000.0,1.0,23100.0,1.0,23200.0,1.0,23300.0,1.0,23400.0,1.0,23500.0,1.0,23600.0,1.0,23700.0,1.0
000629.SZ,2020-08-10,09:59:29,22800.0,700.0,15960000.0,22700.0,1.0,22600.0,1.0,22500.0,1.0,22400.0,1,22300.0,1.0,22200.0,1.0,22100.0,1.0,22000.0,1.0,21900.0,1.0,21800.0,1.0,22800.0,1.0,22900.0,1.0,23000.0,1.0,23100.0,1.0,23200.0,1.0,23300.0,1.0,23400.0,1.0,23500.0,1.0,23600.0,1.0,23700.0,1.0
000629.SZ,2020-08-10,09:59:30,22800.0,0.0,0.0,22700.0,1.0,22600.0,1.0,22500.0,1.0,22400.0,1,22300.0,1.0,22200.0,1.0,22100.0,1.0,22000.0,1.0,21900.0,1.0,21800.0,1.0,22800.0,1.0,22900.0,1.0,23000.0,1.0,23100.0,1.0,23200.0,1.0,23300.0,1.0,23400.0,1.0,23500.0,1.0,23600.0,1.0,23700.0,1.0
000629.SZ,2020-08-10,09:59:31,22800.0,0.0,0.0,22700.0,1.0,22600.0,1.0,22500.0,1.0,22400.0,1,22300.0,1.0,22200.0,1.0,22100.0,1.0,22000.0,1.0,21900.0,1.0,21800.0,1.0,22800.0,1.0,22900.0,1.0,23000.0,1.0,23100.0,1.0,23200.0,1.0,23300.0,1.0,23400.0,1.0,23500.0,1.0,23600.0,1.0,23700.0,1.0
000629.SZ,2020-08-10,09:59:32,22800.0,0.0,0.0,22700.0,1.0,22600.0,1.0,22500.0,1.0,22400.0,1,22300.0,1.0,22200.0,1.0,22100.0,1.0,22000.0,1.0,21900.0,1.0,21800.0,1.0,22800.0,1.0,22900.0,1.0,23000.0,1.0,23100.0,1.0,23200.0,1.0,23300.0,1.0,23400.0,1.0,23500.0,1.0,23600.0,1.0,23700.0,1.0
000629.SZ,2020-08-10,09:59:33,22800.0,7800.0,177060000.0,22700.0,1.0,22600.0,1.0,22500.0,1.0,22400.0,1,22300.0,1.0,22200.0,1.0,22100.0,1.0,22000.0,1.0,21900.0,1.0,21800.0,1.0,22800.0,1.0,22900.0,1.0,23000.0,1.0,23100.0,1.0,23200.0,1.0,23300.0,1.0,23400.0,1.0,23500.0,1.0,23600.0,1.0,23700.0,1.0
000629.SZ,2020-08-10,09:59:34,22700.0,0.0,0.0,22700.0,1.0,22600.0,1.0,22500.0,1.0,22400.0,1,22300.0,1.0,22200.0,1.0,22100.0,1.0,22000.0,1.0,21900.0,1.0,21800.0,1.0,22800.0,1.0,22900.0,1.0,23000.0,1.0,23100.0,1.0,23200.0,1.0,23300.0,1.0,23400.0,1.0,23500.0,1.0,23600.0,1.0,23700.0,1.0
000629.SZ,2020-08-10,09:59:35,22700.0,0.0,0.0,22700.0,1.0,22600.0,1.0,22500.0,1.0,22400.0,1,22300.0,1.0,22200.0,1.0,22100.0,1.0,22000.0,1.0,21900.0,1.0,21800.0,1.0,22800.0,1.0,22900.0,1.0,23000.0,1.0,23100.0,1.0,23200.0,1.0,23300.0,1.0,23400.0,1.0,23500.0,1.0,23600.0,1.0,23700.0,1.0
000629.SZ,2020-08-10,09:59:36,22700.0,0.0,0.0,22700.0,1.0,22600.0,1.0,22500.0,1.0,22400.0,1,22300.0,1.0,22200.0,1.0,22100.0,1.0,22000.0,1.0,21900.0,1.0,21800.0,1.0,22800.0,1.0,22900.0,1.0,23000.0,1.0,23100.0,1.0,23200.0,1.0,23300.0,1.0,23400.0,1.0,23500.0,1.0,23600.0,1.0,23700.0,1.0
000629.SZ,2020-08-10,09:59:37,22700.0,600.0,13620000.0,22700.0,1.0,22600.0,1.0,22500.0,1.0,22400.0,1,22300.0,1.0,22200.0,1.0,22100.0,1.0,22000.0,1.0,21900.0,1.0,21800.0,1.0,22800.0,1.0,22900.0,1.0,23000.0,1.0,23100.0,1.0,23200.0,1.0,23300.0,1.0,23400.0,1.0,23500.0,1.0,23600.0,1.0,23700.0,1.0
000629.SZ,2020-08-10,09:59:38,22700.0,13100.0,297370000.0,22700.0,1.0,22600.0,1.0,22500.0,1.0,22400.0,1,22300.0,1.0,22200.0,1.0,22100.0,1.0,22000.0,1.0,21900.0,1.0,21800.0,1.0,22800.0,1.0,22900.0,1.0,23000.0,1.0,23100.0,1.0,23200.0,1.0,23300.0,1.0,23400.0,1.0,23500.0,1.0,23600.0,1.0,23700.0,1.0
000629.SZ,2020-08-10,09:59:39,22700.0,0.0,0.0,22700.0,1.0,22600.0,1.0,22500.0,1.0,22400.0,1,22300.0,1.0,22200.0,1.0,22100.0,1.0,22000.0,1.0,21900.0,1.0,21800.0,1.0,22800.0,1.0,22900.0,1.0,23000.0,1.0,23100.0,1.0,23200.0,1.0,23300.0,1.0,23400.0,1.0,23500.0,1.0,23600.0,1.0,23700.0,1.0
000629.SZ,2020-08-10,09:59:40,22700.0,0.0,0.0,22700.0,1.0,22600.0,1.0,22500.0,1.0,22400.0,1,22300.0,1.0,22200.0,1.0,22100.0,1.0,22000.0,1.0,21900.0,1.0,21800.0,1.0,22800.0,1.0,22900.0,1.0,23000.0,1.0,23100.0,1.0,23200.0,1.0,23300.0,1.0,23400.0,1.0,23500.0,1.0,23600.0,1.0,23700.0,1.0
000629.SZ,2020-08-10,09:59:41,22700.0,0.0,0.0,22700.0,1.0,22600.0,1.0,22500.0,1.0,22400.0,1,22300.0,1.0,22200.0,1.0,22100.0,1.0,22000.0,1.0,21900.0,1.0,21800.0,1.0,22800.0,1.0,22900.0,1.0,23000.0,1.0,23100.0,1.0,23200.0,1.0,23300.0,1.0,23400.0,1.0,23500.0,1.0,23600.0,1.0,23700.0,1.0
000629.SZ,2020-08-10,09:59:42,22700.0,0.0,0.0,22700.0,1.0,22600.0,1.0,22500.0,1.0,22400.0,1,22300.0,1.0,22200.0,1.0,22100.0,1.0,22000.0,1.0,21900.0,1.0,21800.0,1.0,22800.0,1.0,22900.0,1.0,23000.0,1.0,23100.0,1.0,23200.0,1.0,23300.0,1.0,23400.0,1.0,23500.0,1.0,23600.0,1.0,23700.0,1.0
000629.SZ,2020-08-10,09:59:43,22700.0,41100.0,932970000.0,22700.0,1.0,22600.0,1.0,22500.0,1.0,22400.0,1,22300.0,1.0,22200.0,1.0,22100.0,1.0,22000.0,1.0,21900.0,1.0,21800.0,1.0,22800.0,1.0,22900.0,1.0,23000.0,1.0,23100.0,1.0,23200.0,1.0,23300.0,1.0,23400.0,1.0,23500.0,1.0,23600.0,1.0,23700.0,1.0
000629.SZ,2020-08-10,09:59:44,22700.0,0.0,0.0,22700.0,1.0,22600.0,1.0,22500.0,1.0,22400.0,1,22300.0,1.0,22200.0,1.0,22100.0,1.0,22000.0,1.0,21900.0,1.0,21800.0,1.0,22800.0,1.0,22900.0,1.0,23000.0,1.0,23100.0,1.0,23200.0,1.0,23300.0,1.0,23400.0,1.0,23500.0,1.0,23600.0,1.0,23700.0,1.0
000629.SZ,2020-08-10,09:59:45,22700.0,300.0,6810000.0,22700.0,1.0,22600.0,1.0,22500.0,1.0,22400.0,1,22300.0,1.0,22200.0,1.0,22100.0,1.0,22000.0,1.0,21900.0,1.0,21800.0,1.0,22800.0,1.0,22900.0,1.0,23000.0,1.0,23100.0,1.0,23200.0,1.0,23300.0,1.0,23400.0,1.0,23500.0,1.0,23600.0,1.0,23700.0,1.0
000629.SZ,2020-08-10,09:59:46,22700.0,3700.0,83990000.0,22700.0,1.0,22600.0,1.0,22500.0,1.0,22400.0,1,22300.0,1.0,22200.0,1.0,22100.0,1.0,22000.0,1.0,21900.0,1.0,21800.0,1.0,22800.0,1.0,22900.0,1.0,23000.0,1.0,23100.0,1.0,23200.0,1.0,23300.0,1.0,23400.0,1.0,23500.0,1.0,23600.0,1.0,23700.0,1.0
000629.SZ,2020-08-10,09:59:47,22700.0,0.0,0.0,22700.0,1.0,22600.0,1.0,22500.0,1.0,22400.0,1,22300.0,1.0,22200.0,1.0,22100.0,1.0,22000.0,1.0,21900.0,1.0,21800.0,1.0,22800.0,1.0,22900.0,1.0,23000.0,1.0,23100.0,1.0,23200.0,1.0,23300.0,1.0,23400.0,1.0,23500.0,1.0,23600.0,1.0,23700.0,1.0
000629.SZ,2020-08-10,09:59:48,22700.0,0.0,0.0,22700.0,1.0,22600.0,1.0,22500.0,1.0,22400.0,1,22300.0,1.0,22200.0,1.0,22100.0,1.0,22000.0,1.0,21900.0,1.0,21800.0,1.0,22800.0,1.0,22900.0,1.0,23000.0,1.0,23100.0,1.0,23200.0,1.0,23300.0,1.0,23400.0,1.0,23500.0,1.0,23600.0,1.0,23700.0,1.0
000629.SZ,2020-08-10,09:59:49,22700.0,0.0,0.0,22700.0,1.0,22600.0,1.0,22500.0,1.0,22400.0,1,22300.0,1.0,22200.0,1.0,22100.0,1.0,22000.0,1.0,21900.0,1.0,21800.0,1.0,22800.0,1.0,22900.0,1.0,23000.0,1.0,23100.0,1.0,23200.0,1.0,23300.0,1.0,23400.0,1.0,23500.0,1.0,23600.0,1.0,23700.0,1.0
000629.SZ,2020-08-10,09:59:50,22700.0,0.0,0.0,22700.0,1.0,22600.0,1.0,22500.0,1.0,22400.0,1,22300.0,1.0,22200.0,1.0,22100.0,1.0,22000.0,1.0,21900.0,1.0,21800.0,1.0,22800.0,1.0,22900.0,1.0,23000.0,1.0,23100.0,1.0,23200.0,1.0,23300.0,1.0,23400.0,1.0,23500.0,1.0,23600.0,1.0,23700.0,1.0
000629.SZ,2020-08-10,09:59:51,22700.0,7000.0,158900000.0,22700.0,1.0,22600.0,1.0,22500.0,1.0,22400.0,1,22300.0,1.0,22200.0,1.0,22100.0,1.0,22000.0,1.0,21900.0,1.0,21800.0,1.0,22800.0,1.0,22900.0,1.0,23000.0,1.0,23100.0,1.0,23200.0,1.0,23300.0,1.0,23400.0,1.0,23500.0,1.0,23600.0,1.0,23700.0,1.0
000629.SZ,2020-08-10,09:59:52,22700.0,0.0,0.0,22700.0,1.0,22600.0,1.0,22500.0,1.0,22400.0,1,22300.0,1.0,22200.0,1.0,22100.0,1.0,22000.0,1.0,21900.0,1.0,21800.0,1.0,22800.0,1.0,22900.0,1.0,23000.0,1.0,23100.0,1.0,23200.0,1.0,23300.0,1.0,23400.0,1.0,23500.0,1.0,23600.0,1.0,23700.0,1.0
000629.SZ,2020-08-10,09:59:53,22700.0,0.0,0.0,22700.0,1.0,22600.0,1.0,22500.0,1.0,22400.0,1,22300.0,1.0,22200.0,1.0,22100.0,1.0,22000.0,1.0,21900.0,1.0,21800.0,1.0,22800.0,1.0,22900.0,1.0,23000.0,1.0,23100.0,1.0,23200.0,1.0,23300.0,1.0,23400.0,1.0,23500.0,1.0,23600.0,1.0,23700.0,1.0
000629.SZ,2020-08-10,09:59:54,22700.0,0.0,0.0,22700.0,1.0,22600.0,1.0,22500.0,1.0,22400.0,1,22300.0,1.0,22200.0,1.0,22100.0,1.0,22000.0,1.0,21900.0,1.0,21800.0,1.0,22800.0,1.0,22900.0,1.0,23000.0,1.0,23100.0,1.0,23200.0,1.0,23300.0,1.0,23400.0,1.0,23500.0,1.0,23600.0,1.0,23700.0,1.0
000629.SZ,2020-08-10,09:59:55,22700.0,0.0,0.0,22700.0,1.0,22600.0,1.0,22500.0,1.0,22400.0,1,22300.0,1.0,22200.0,1.0,22100.0,1.0,22000.0,1.0,21900.0,1.0,21800.0,1.0,22800.0,1.0,22900.0,1.0,23000.0,1.0,23100.0,1.0,23200.0,1.0,23300.0,1.0,23400.0,1.0,23500.0,1.0,23600.0,1.0,23700.0,1.0
000629.SZ,2020-08-10,09:59:56,22700.0,0.0,0.0,22700.0,1.0,22600.0,1.0,22500.0,1.0,22400.0,1,22300.0,1.0,22200.0,1.0,22100.0,1.0,22000.0,1.0,21900.0,1.0,21800.0,1.0,22800.0,1.0,22900.0,1.0,23000.0,1.0,23100.0,1.0,23200.0,1.0,23300.0,1.0,23400.0,1.0,23500.0,1.0,23600.0,1.0,23700.0,1.0
000629.SZ,2020-08-10,09:59:57,22700.0,0.0,0.0,22700.0,1.0,22600.0,1.0,22500.0,1.0,22400.0,1,22300.0,1.0,22200.0,1.0,22100.0,1.0,22000.0,1.0,21900.0,1.0,21800.0,1.0,22800.0,1.0,22900.0,1.0,23000.0,1.0,23100.0,1.0,23200.0,1.0,23300.0,1.0,23400.0,1.0,23500.0,1.0,23600.0,1.0,23700.0,1.0
000629.SZ,2020-08-10,09:59:58,22700.0,0.0,0.0,22700.0,1.0,22600.0,1.0,22500.0,1.0,22400.0,1,22300.0,1.0,22200.0,1.0,22100.0,1.0,22000.0,1.0,21900.0,1.0,21800.0,1.0,22800.0,1.0,22900.0,1.0,23000.0,1.0,23100.0,1.0,23200.0,1.0,23300.0,1.0,23400.0,1.0,23500.0,1.0,23600.0,1.0,23700.0,1.0
000629.SZ,2020-08-10,09:59:59,22700.0,0.0,0.0,22700.0,1.0,22600.0,1.0,22500.0,1.0,22400.0,1,22300.0,1.0,22200.0,1.0,22100.0,1.0,22000.0,1.0,21900.0,1.0,21800.0,1.0,22800.0,1.0,22900.0,1.0,23000.0,1.0,23100.0,1.0,23200.0,1.0,23300.0,1.0,23400.0,1.0,23500.0,1.0,23600.0,1.0,23700.0,1.0
000629.SZ,2020-08-10,10:00:00,22700.0,0.0,0.0,22700.0,1.0,22600.0,1.0,22500.0,1.0,22400.0,1,22300.0,1.0,22200.0,1.0,22100.0,1.0,22000.0,1.0,21900.0,1.0,21800.0,1.0,22800.0,1.0,22900.0,1.0,23000.0,1.0,23100.0,1.0,23200.0,1.0,23300.0,1.0,23400.0,1.0,23500.0,1.0,23600.0,1.0,23700.0,1.0
000629.SZ,2020-08-10,10:00:01,22700.0,0.0,0.0,22700.0,1.0,22600.0,1.0,22500.0,1.0,22400.0,1,22300.0,1.0,22200.0,1.0,22100.0,1.0,22000.0,1.0,21900.0,1.0,21800.0,1.0,22800.0,1.0,22900.0,1.0,23000.0,1.0,23100.0,1.0,23200.0,1.0,23300.0,1.0,23400.0,1.0,23500.0,1.0,23600.0,1.0,23700.0,1.0
000629.SZ,2020-08-10,10:00:02,22700.0,0.0,0.0,22700.0,1.0,22600.0,1.0,22500.0,1.0,22400.0,1,22300.0,1.0,22200.0,1.0,22100.0,1.0,22000.0,1.0,21900.0,1.0,21800.0,1.0,22800.0,1.0,22900.0,1.0,23000.0,1.0,23100.0,1.0,23200.0,1.0,23300.0,1.0,23400.0,1.0,23500.0,1.0,23600.0,1.0,23700.0,1.0
000629.SZ,2020-08-10,10:00:03,22700.0,1000.0,22700000.0,22700.0,1.0,22600.0,1.0,22500.0,1.0,22400.0,1,22300.0,1.0,22200.0,1.0,22100.0,1.0,22000.0,1.0,21900.0,1.0,21800.0,1.0,22800.0,1.0,22900.0,1.0,23000.0,1.0,23100.0,1.0,23200.0,1.0,23300.0,1.0,23400.0,1.0,23500.0,1.0,23600.0,1.0,23700.0,1.0
000629.SZ,2020-08-10,10:00:04,22700.0,29100.0,660570000.0,22700.0,1.0,22600.0,1.0,22500.0,1.0,22400.0,1,22300.0,1.0,22200.0,1.0,22100.0,1.0,22000.0,1.0,21900.0,1.0,21800.0,1.0,22800.0,1.0,22900.0,1.0,23000.0,1.0,23100.0,1.0,23200.0,1.0,23300.0,1.0,23400.0,1.0,23500.0,1.0,23600.0,1.0,23700.0,1.0
000629.SZ,2020-08-10,10:00:05,22700.0,0.0,0.0,22700.0,1.0,22600.0,1.0,22500.0,1.0,22400.0,1,22300.0,1.0,22200.0,1.0,22100.0,1.0,22000.0,1.0,21900.0,1.0,21800.0,1.0,22800.0,1.0,22900.0,1.0,23000.0,1.0,23100.0,1.0,23200.0,1.0,23300.0,1.0,23400.0,1.0,23500.0,1.0,23600.0,1.0,23700.0,1.0
000629.SZ,2020-08-10,10:00:06,22700.0,0.0,0.0,22700.0,1.0,22600.0,1.0,22500.0,1.0,22400.0,1,22300.0,1.0,22200.0,1.0,22100.0,1.0,22000.0,1.0,21900.0,1.0,21800.0,1.0,22800.0,1.0,22900.0,1.0,23000.0,1.0,23100.0,1.0,23200.0,1.0,23300.0,1.0,23400.0,1.0,23500.0,1.0,23600.0,1.0,23700.0,1.0
000629.SZ,2020-08-10,10:00:07,22700.0,0.0,0.0,22700.0,1.0,22600.0,1.0,22500.0,1.0,22400.0,1,22300.0,1.0,22200.0,1.0,22100.0,1.0,22000.0,1.0,21900.0,1.0,21800.0,1.0,22800.0,1.0,22900.0,1.0,23000.0,1.0,23100.0,1.0,23200.0,1.0,23300.0,1.0,23400.0,1.0,23500.0,1.0,23600.0,1.0,23700.0,1.0
