StockCode,DataDate,UpdateTime,LastPrice,Volume,turnover,BidPrice1,BidVolume1,BidPrice2,BidVolume2,BidPrice3,BidVolume3,BidPrice4,BidVolume4,BidPrice5,BidVolume5,BidPrice6,BidVolume6,BidPrice7,BidVolume7,BidPrice8,BidVolume8,BidPrice9,BidVolume9,BidPrice10,BidVolume10,AskPrice1,AskVolume1,AskPrice2,AskVolume2,AskPrice3,AskVolume3,AskPrice4,AskVolume4,AskPrice5,AskVolume5,AskPrice6,AskVolume6,AskPrice7,AskVolume7,AskPrice8,AskVolume8,AskPrice9,AskVolume9,AskPrice10,AskVolume10
000629.SZ,2020-08-04,09:30:01,22600.0,198900.0,4494543300.0,22500.0,1.0,22400.0,1.0,22300.0,1.0,22200.0,1,22100.0,1.0,22000.0,1.0,21900.0,1.0,21800.0,1.0,21700.0,1.0,21600.0,0.98,22600.0,1.0,22700.0,1.0,22800.0,1.0,22900.0,1.0,23000.0,1.0,23100.0,1.0,23200.0,1.0,23300.0,1.0,23400.0,1.0,23500.0,1.0
000629.SZ,2020-08-04,09:30:02,22500.0,0.0,0.0,22500.0,1.0,22400.0,1.0,22300.0,1.0,22200.0,1,22100.0,1.0,22000.0,1.0,21900.0,1.0,21800.0,1.0,21700.0,1.0,21600.0,0.98,22600.0,1.0,22700.0,1.0,22800.0,1.0,22900.0,1.0,23000.0,1.0,23100.0,1.0,23200.0,1.0,23300.0,1.0,23400.0,1.0,23500.0,1.0
000629.SZ,2020-08-04,09:30:03,22500.0,29900.0,675112100.0,22500.0,1.0,22400.0,1.0,22300.0,1.0,22200.0,1,22100.0,1.0,22000.0,1.0,21900.0,1.0,21800.0,1.0,21700.0,1.0,21600.0,0.98,22600.0,1.0,22700.0,1.0,22800.0,1.0,22900.0,1.0,23000.0,1.0,23100.0,1.0,23200.0,1.0,23300.0,1.0,23400.0,1.0,23500.0,1.0
000629.SZ,2020-08-04,09:30:04,22600.0,2500.0,56500000.0,22500.0,1.0,22400.0,1.0,22300.0,1.0,22200.0,1,22100.0,1.0,22000.0,1.0,21900.0,1.0,21800.0,1.0,21700.0,1.0,21600.0,0.98,22600.0,1.0,22700.0,1.0,22800.0,1.0,22900.0,1.0,23000.0,1.0,23100.0,1.0,23200.0,1.0,23300.0,1.0,23400.0,1.0,23500.0,1.0
000629.SZ,2020-08-04,09:30:05,22600.0,14900.0,335384100.0,22500.0,1.0,22400.0,1.0,22300.0,1.0,22200.0,1,22100.0,1.0,22000.0,1.0,21900.0,1.0,21800.0,1.0,21700.0,1.0,21600.0,0.98,22600.0,1.0,22700.0,1.0,22800.0,1.0,22900.0,1.0,23000.0,1.0,23100.0,1.0,23200.0,1.0,23300.0,1.0,23400.0,1.0,23500.0,1.0
000629.SZ,2020-08-04,09:30:06,22500.0,12000.0,271200000.0,22500.0,1.0,22400.0,1.0,22300.0,1.0,22200.0,1,22100.0,1.0,22000.0,1.0,21900.0,1.0,21800.0,1.0,21700.0,1.0,21600.0,1.0,22600.0,1.0,22700.0,1.0,22800.0,1.0,22900.0,1.0,23000.0,1.0,23100.0,1.0,23200.0,1.0,23300.0,1.0,23400.0,1.0,23500.0,1.0
000629.SZ,2020-08-04,09:30:07,22600.0,13400.0,302451400.0,22500.0,1.0,22400.0,1.0,22300.0,1.0,22200.0,1,22100.0,1.0,22000.0,1.0,21900.0,1.0,21800.0,1.0,21700.0,1.0,21600.0,1.0,22600.0,1.0,22700.0,1.0,22800.0,1.0,22900.0,1.0,23000.0,1.0,23100.0,1.0,23200.0,1.0,23300.0,1.0,23400.0,1.0,23500.0,1.0
000629.SZ,2020-08-04,09:30:08,22600.0,42700.0,963610900.0,22500.0,1.0,22400.0,1.0,22300.0,1.0,22200.0,1,22100.0,1.0,22000.0,1.0,21900.0,1.0,21800.0,1.0,21700.0,1.0,21600.0,1.0,22600.0,1.0,22700.0,1.0,22800.0,1.0,22900.0,1.0,23000.0,1.0,23100.0,1.0,23200.0,1.0,23300.0,1.0,23400.0,1.0,23500.0,1.0
000629.SZ,2020-08-04,09:30:09,22500.0,0.0,0.0,22500.0,1.0,22400.0,1.0,22300.0,1.0,22200.0,1,22100.0,1.0,22000.0,1.0,21900.0,1.0,21800.0,1.0,21700.0,1.0,21600.0,1.0,22600.0,1.0,22700.0,1.0,22800.0,1.0,22900.0,1.0,23000.0,1.0,23100.0,1.0,23200.0,1.0,23300.0,1.0,23400.0,1.0,23500.0,1.0
000629.SZ,2020-08-04,09:30:10,22500.0,0.0,0.0,22500.0,1.0,22400.0,1.0,22300.0,1.0,22200.0,1,22100.0,1.0,22000.0,1.0,21900.0,1.0,21800.0,1.0,21700.0,1.0,21600.0,1.0,22600.0,1.0,22700.0,1.0,22800.0,1.0,22900.0,1.0,23000.0,1.0,23100.0,1.0,23200.0,1.0,23300.0,1.0,23400.0,1.0,23500.0,1.0
000629.SZ,2020-08-04,09:30:11,22500.0,16800.0,378806400.0,22500.0,1.0,22400.0,1.0,22300.0,1.0,22200.0,1,22100.0,1.0,22000.0,1.0,21900.0,1.0,21800.0,1.0,21700.0,1.0,21600.0,1.0,22600.0,1.0,22700.0,1.0,22800.0,1.0,22900.0,1.0,23000.0,1.0,23100.0,1.0,23200.0,1.0,23300.0,1.0,23400.0,1.0,23500.0,1.0
000629.SZ,2020-08-04,09:30:12,22600.0,0.0,0.0,22500.0,1.0,22400.0,1.0,22300.0,1.0,22200.0,1,22100.0,1.0,22000.0,1.0,21900.0,1.0,21800.0,1.0,21700.0,1.0,21600.0,1.0,22600.0,1.0,22700.0,1.0,22800.0,1.0,22900.0,1.0,23000.0,1.0,23100.0,1.0,23200.0,1.0,23300.0,1.0,23400.0,1.0,23500.0,1.0
000629.SZ,2020-08-04,09:30:13,22600.0,73300.0,1649763100.0,22500.0,1.0,22400.0,1.0,22300.0,1.0,22200.0,1,22100.0,1.0,22000.0,1.0,21900.0,1.0,21800.0,1.0,21700.0,1.0,21600.0,1.0,22600.0,1.0,22700.0,1.0,22800.0,1.0,22900.0,1.0,23000.0,1.0,23100.0,1.0,23200.0,1.0,23300.0,1.0,23400.0,1.0,23500.0,1.0
000629.SZ,2020-08-04,09:30:14,22500.0,10400.0,234000000.0,22500.0,1.0,22400.0,1.0,22300.0,1.0,22200.0,1,22100.0,1.0,22000.0,1.0,21900.0,1.0,21800.0,1.0,21700.0,1.0,21600.0,1.0,22600.0,1.0,22700.0,1.0,22800.0,1.0,22900.0,1.0,23000.0,1.0,23100.0,1.0,23200.0,1.0,23300.0,1.0,23400.0,1.0,23500.0,1.0
000629.SZ,2020-08-04,09:30:15,22500.0,200.0,4500000.0,22500.0,1.0,22400.0,1.0,22300.0,1.0,22200.0,1,22100.0,1.0,22000.0,1.0,21900.0,1.0,21800.0,1.0,21700.0,1.0,21600.0,1.0,22600.0,1.0,22700.0,1.0,22800.0,1.0,22900.0,1.0,23000.0,1.0,23100.0,1.0,23200.0,1.0,23300.0,1.0,23400.0,1.0,23500.0,1.0
000629.SZ,2020-08-04,09:30:16,22500.0,11700.0,264420000.0,22500.0,1.0,22400.0,1.0,22300.0,1.0,22200.0,1,22100.0,1.0,22000.0,1.0,21900.0,1.0,21800.0,1.0,21700.0,1.0,21600.0,1.0,22600.0,1.0,22700.0,1.0,22800.0,1.0,22900.0,1.0,23000.0,1.0,23100.0,1.0,23200.0,1.0,23300.0,1.0,23400.0,1.0,23500.0,1.0
000629.SZ,2020-08-04,09:30:17,22600.0,4400.0,99000000.0,22500.0,1.0,22400.0,1.0,22300.0,1.0,22200.0,1,22100.0,1.0,22000.0,1.0,21900.0,1.0,21800.0,1.0,21700.0,1.0,21600.0,1.0,22600.0,1.0,22700.0,1.0,22800.0,1.0,22900.0,1.0,23000.0,1.0,23100.0,1.0,23200.0,1.0,23300.0,1.0,23400.0,1.0,23500.0,1.0
000629.SZ,2020-08-04,09:30:18,22500.0,0.0,0.0,22500.0,1.0,22400.0,1.0,22300.0,1.0,22200.0,1,22100.0,1.0,22000.0,1.0,21900.0,1.0,21800.0,1.0,21700.0,1.0,21600.0,1.0,22600.0,1.0,22700.0,1.0,22800.0,1.0,22900.0,1.0,23000.0,1.0,23100.0,1.0,23200.0,1.0,23300.0,1.0,23400.0,1.0,23500.0,1.0
000629.SZ,2020-08-04,09:30:19,22500.0,3100.0,69750000.0,22500.0,1.0,22400.0,1.0,22300.0,1.0,22200.0,1,22100.0,1.0,22000.0,1.0,21900.0,1.0,21800.0,1.0,21700.0,1.0,21600.0,1.0,22600.0,1.0,22700.0,1.0,22800.0,1.0,22900.0,1.0,23000.0,1.0,23100.0,1.0,23200.0,1.0,23300.0,1.0,23400.0,1.0,23500.0,1.0
000629.SZ,2020-08-04,09:30:20,22500.0,4900.0,110259800.0,22500.0,1.0,22400.0,1.0,22300.0,1.0,22200.0,1,22100.0,1.0,22000.0,1.0,21900.0,1.0,21800.0,1.0,21700.0,1.0,21600.0,1.0,22600.0,1.0,22700.0,1.0,22800.0,1.0,22900.0,1.0,23000.0,1.0,23100.0,1.0,23200.0,1.0,23300.0,1.0,23400.0,1.0,23500.0,1.0
000629.SZ,2020-08-04,09:30:21,22600.0,5300.0,119345400.0,22500.0,1.0,22400.0,1.0,22300.0,1.0,22200.0,1,22100.0,1.0,22000.0,1.0,21900.0,1.0,21800.0,1.0,21700.0,1.0,21600.0,1.0,22600.0,1.0,22700.0,1.0,22800.0,1.0,22900.0,1.0,23000.0,1.0,23100.0,1.0,23200.0,1.0,23300.0,1.0,23400.0,1.0,23500.0,1.0
000629.SZ,2020-08-04,09:30:22,22500.0,31100.0,700029900.0,22500.0,1.0,22400.0,1.0,22300.0,1.0,22200.0,1,22100.0,1.0,22000.0,1.0,21900.0,1.0,21800.0,1.0,21700.0,1.0,21600.0,1.0,22600.0,1.0,22700.0,1.0,22800.0,1.0,22900.0,1.0,23000.0,1.0,23100.0,1.0,23200.0,1.0,23300.0,1.0,23400.0,1.0,23500.0,1.0
000629.SZ,2020-08-04,09:30:23,22500.0,0.0,0.0,22500.0,1.0,22400.0,1.0,22300.0,1.0,22200.0,1,22100.0,1.0,22000.0,1.0,21900.0,1.0,21800.0,1.0,21700.0,1.0,21600.0,1.0,22600.0,1.0,22700.0,1.0,22800.0,1.0,22900.0,1.0,23000.0,1.0,23100.0,1.0,23200.0,1.0,23300.0,1.0,23400.0,1.0,23500.0,1.0
000629.SZ,2020-08-04,09:30:24,22500.0,8100.0,183043800.0,22500.0,1.0,22400.0,1.0,22300.0,1.0,22200.0,1,22100.0,1.0,22000.0,1.0,21900.0,1.0,21800.0,1.0,21700.0,1.0,21600.0,1.0,22600.0,1.0,22700.0,1.0,22800.0,1.0,22900.0,1.0,23000.0,1.0,23100.0,1.0,23200.0,1.0,23300.0,1.0,23400.0,1.0,23500.0,1.0
000629.SZ,2020-08-04,09:30:25,22600.0,300.0,6780000.0,22500.0,1.0,22400.0,1.0,22300.0,1.0,22200.0,1,22100.0,1.0,22000.0,1.0,21900.0,1.0,21800.0,1.0,21700.0,1.0,21600.0,1.0,22600.0,1.0,22700.0,1.0,22800.0,1.0,22900.0,1.0,23000.0,1.0,23100.0,1.0,23200.0,1.0,23300.0,1.0,23400.0,1.0,23500.0,1.0
000629.SZ,2020-08-04,09:30:26,22600.0,0.0,0.0,22500.0,1.0,22400.0,1.0,22300.0,1.0,22200.0,1,22100.0,1.0,22000.0,1.0,21900.0,1.0,21800.0,1.0,21700.0,1.0,21600.0,1.0,22600.0,1.0,22700.0,1.0,22800.0,1.0,22900.0,1.0,23000.0,1.0,23100.0,1.0,23200.0,1.0,23300.0,1.0,23400.0,1.0,23500.0,1.0
000629.SZ,2020-08-04,09:30:27,22600.0,2100.0,47250000.0,22500.0,1.0,22400.0,1.0,22300.0,1.0,22200.0,1,22100.0,1.0,22000.0,1.0,21900.0,1.0,21800.0,1.0,21700.0,1.0,21600.0,1.0,22600.0,1.0,22700.0,1.0,22800.0,1.0,22900.0,1.0,23000.0,1.0,23100.0,1.0,23200.0,1.0,23300.0,1.0,23400.0,1.0,23500.0,1.0
000629.SZ,2020-08-04,09:30:28,22500.0,159700.0,3593250000.0,22500.0,1.0,22400.0,1.0,22300.0,1.0,22200.0,1,22100.0,1.0,22000.0,1.0,21900.0,1.0,21800.0,1.0,21700.0,1.0,21600.0,1.0,22600.0,1.0,22700.0,1.0,22800.0,1.0,22900.0,1.0,23000.0,1.0,23100.0,1.0,23200.0,1.0,23300.0,1.0,23400.0,1.0,23500.0,1.0
000629.SZ,2020-08-04,09:30:29,22500.0,1000.0,22600000.0,22500.0,1.0,22400.0,1.0,22300.0,1.0,22200.0,1,22100.0,1.0,22000.0,1.0,21900.0,1.0,21800.0,1.0,21700.0,1.0,21600.0,1.0,22600.0,1.0,22700.0,1.0,22800.0,1.0,22900.0,1.0,23000.0,1.0,23100.0,1.0,23200.0,1.0,23300.0,1.0,23400.0,1.0,23500.0,1.0
000629.SZ,2020-08-04,09:30:30,22600.0,0.0,0.0,22500.0,1.0,22400.0,1.0,22300.0,1.0,22200.0,1,22100.0,1.0,22000.0,1.0,21900.0,1.0,21800.0,1.0,21700.0,1.0,21600.0,1.0,22600.0,1.0,22700.0,1.0,22800.0,1.0,22900.0,1.0,23000.0,1.0,23100.0,1.0,23200.0,1.0,23300.0,1.0,23400.0,1.0,23500.0,1.0
000629.SZ,2020-08-04,09:30:31,22600.0,26600.0,598500000.0,22500.0,1.0,22400.0,1.0,22300.0,1.0,22200.0,1,22100.0,1.0,22000.0,1.0,21900.0,1.0,21800.0,1.0,21700.0,1.0,21600.0,1.0,22600.0,1.0,22700.0,1.0,22800.0,1.0,22900.0,1.0,23000.0,1.0,23100.0,1.0,23200.0,1.0,23300.0,1.0,23400.0,1.0,23500.0,1.0
000629.SZ,2020-08-04,09:30:32,22500.0,4800.0,108028800.0,22500.0,1.0,22400.0,1.0,22300.0,1.0,22200.0,1,22100.0,1.0,22000.0,1.0,21900.0,1.0,21800.0,1.0,21700.0,1.0,21600.0,1.0,22600.0,1.0,22700.0,1.0,22800.0,1.0,22900.0,1.0,23000.0,1.0,23100.0,1.0,23200.0,1.0,23300.0,1.0,23400.0,1.0,23500.0,1.0
000629.SZ,2020-08-04,09:30:33,22600.0,2000.0,45000000.0,22500.0,1.0,22400.0,1.0,22300.0,1.0,22200.0,1,22100.0,1.0,22000.0,1.0,21900.0,1.0,21800.0,1.0,21700.0,1.0,21600.0,1.0,22600.0,1.0,22700.0,1.0,22800.0,1.0,22900.0,1.0,23000.0,1.0,23100.0,1.0,23200.0,1.0,23300.0,1.0,23400.0,1.0,23500.0,1.0
000629.SZ,2020-08-04,09:30:34,22500.0,297600.0,6696000000.0,22400.0,1.0,22300.0,1.0,22200.0,1.0,22100.0,1,22000.0,1.0,21900.0,1.0,21800.0,1.0,21700.0,1.0,21600.0,1.0,21500.0,1.0,22500.0,1.0,22600.0,1.0,22700.0,1.0,22800.0,1.0,22900.0,1.0,23000.0,1.0,23100.0,1.0,23200.0,1.0,23300.0,1.0,23400.0,1.0
000629.SZ,2020-08-04,09:30:35,22500.0,5900.0,132750000.0,22400.0,1.0,22300.0,1.0,22200.0,1.0,22100.0,1,22000.0,1.0,21900.0,1.0,21800.0,1.0,21700.0,1.0,21600.0,1.0,21500.0,1.0,22500.0,1.0,22600.0,1.0,22700.0,1.0,22800.0,1.0,22900.0,1.0,23000.0,1.0,23100.0,1.0,23200.0,1.0,23300.0,1.0,23400.0,1.0
000629.SZ,2020-08-04,09:30:36,22500.0,4400.0,98560000.0,22400.0,1.0,22300.0,1.0,22200.0,1.0,22100.0,1,22000.0,1.0,21900.0,1.0,21800.0,1.0,21700.0,1.0,21600.0,1.0,21500.0,1.0,22500.0,1.0,22600.0,1.0,22700.0,1.0,22800.0,1.0,22900.0,1.0,23000.0,1.0,23100.0,1.0,23200.0,1.0,23300.0,1.0,23400.0,1.0
000629.SZ,2020-08-04,09:30:37,22400.0,12400.0,279000000.0,22400.0,1.0,22300.0,1.0,22200.0,1.0,22100.0,1,22000.0,1.0,21900.0,1.0,21800.0,1.0,21700.0,1.0,21600.0,1.0,21500.0,1.0,22500.0,0.79,22600.0,1.0,22700.0,1.0,22800.0,1.0,22900.0,1.0,23000.0,1.0,23100.0,1.0,23200.0,1.0,23300.0,1.0,23400.0,1.0
000629.SZ,2020-08-04,09:30:38,22500.0,200.0,4500000.0,22400.0,1.0,22300.0,1.0,22200.0,1.0,22100.0,1,22000.0,1.0,21900.0,1.0,21800.0,1.0,21700.0,1.0,21600.0,1.0,21500.0,1.0,22500.0,1.0,22600.0,1.0,22700.0,1.0,22800.0,1.0,22900.0,1.0,23000.0,1.0,23100.0,1.0,23200.0,1.0,23300.0,1.0,23400.0,1.0
000629.SZ,2020-08-04,09:30:39,22500.0,0.0,0.0,22400.0,1.0,22300.0,1.0,22200.0,1.0,22100.0,1,22000.0,1.0,21900.0,1.0,21800.0,1.0,21700.0,1.0,21600.0,1.0,21500.0,1.0,22500.0,1.0,22600.0,1.0,22700.0,1.0,22800.0,1.0,22900.0,1.0,23000.0,1.0,23100.0,1.0,23200.0,1.0,23300.0,1.0,23400.0,1.0
000629.SZ,2020-08-04,09:30:40,22500.0,3300.0,74250000.0,22400.0,1.0,22300.0,1.0,22200.0,1.0,22100.0,1,22000.0,1.0,21900.0,1.0,21800.0,1.0,21700.0,1.0,21600.0,1.0,21500.0,1.0,22500.0,1.0,22600.0,1.0,22700.0,1.0,22800.0,1.0,22900.0,1.0,23000.0,1.0,23100.0,1.0,23200.0,1.0,23300.0,1.0,23400.0,1.0
000629.SZ,2020-08-04,09:30:41,22500.0,0.0,0.0,22400.0,1.0,22300.0,1.0,22200.0,1.0,22100.0,1,22000.0,1.0,21900.0,1.0,21800.0,1.0,21700.0,1.0,21600.0,1.0,21500.0,1.0,22500.0,1.0,22600.0,1.0,22700.0,1.0,22800.0,1.0,22900.0,1.0,23000.0,1.0,23100.0,1.0,23200.0,1.0,23300.0,1.0,23400.0,1.0
000629.SZ,2020-08-04,09:30:42,22500.0,300.0,6720000.0,22400.0,1.0,22300.0,1.0,22200.0,1.0,22100.0,1,22000.0,1.0,21900.0,1.0,21800.0,1.0,21700.0,1.0,21600.0,1.0,21500.0,1.0,22500.0,1.0,22600.0,1.0,22700.0,1.0,22800.0,1.0,22900.0,1.0,23000.0,1.0,23100.0,1.0,23200.0,1.0,23300.0,1.0,23400.0,1.0
000629.SZ,2020-08-04,09:30:43,22400.0,0.0,0.0,22400.0,1.0,22300.0,1.0,22200.0,1.0,22100.0,1,22000.0,1.0,21900.0,1.0,21800.0,1.0,21700.0,1.0,21600.0,1.0,21500.0,1.0,22500.0,1.0,22600.0,1.0,22700.0,1.0,22800.0,1.0,22900.0,1.0,23000.0,1.0,23100.0,1.0,23200.0,1.0,23300.0,1.0,23400.0,1.0
000629.SZ,2020-08-04,09:30:44,22400.0,5000.0,112500000.0,22400.0,1.0,22300.0,1.0,22200.0,1.0,22100.0,1,22000.0,1.0,21900.0,1.0,21800.0,1.0,21700.0,1.0,21600.0,1.0,21500.0,1.0,22500.0,1.0,22600.0,1.0,22700.0,1.0,22800.0,1.0,22900.0,1.0,23000.0,1.0,23100.0,1.0,23200.0,1.0,23300.0,1.0,23400.0,1.0
000629.SZ,2020-08-04,09:30:45,22500.0,500.0,11250000.0,22400.0,1.0,22300.0,1.0,22200.0,1.0,22100.0,1,22000.0,1.0,21900.0,1.0,21800.0,1.0,21700.0,1.0,21600.0,1.0,21500.0,1.0,22500.0,1.0,22600.0,1.0,22700.0,1.0,22800.0,1.0,22900.0,1.0,23000.0,1.0,23100.0,1.0,23200.0,1.0,23300.0,1.0,23400.0,1.0
000629.SZ,2020-08-04,09:30:46,22500.0,20000.0,450000000.0,22400.0,1.0,22300.0,1.0,22200.0,1.0,22100.0,1,22000.0,1.0,21900.0,1.0,21800.0,1.0,21700.0,1.0,21600.0,1.0,21500.0,1.0,22500.0,1.0,22600.0,1.0,22700.0,1.0,22800.0,1.0,22900.0,1.0,23000.0,1.0,23100.0,1.0,23200.0,1.0,23300.0,1.0,23400.0,1.0
000629.SZ,2020-08-04,09:30:47,22500.0,4700.0,105750000.0,22400.0,1.0,22300.0,1.0,22200.0,1.0,22100.0,1,22000.0,1.0,21900.0,1.0,21800.0,1.0,21700.0,1.0,21600.0,1.0,21500.0,1.0,22500.0,1.0,22600.0,1.0,22700.0,1.0,22800.0,1.0,22900.0,1.0,23000.0,1.0,23100.0,1.0,23200.0,1.0,23300.0,1.0,23400.0,1.0
000629.SZ,2020-08-04,09:30:48,22500.0,0.0,0.0,22400.0,1.0,22300.0,1.0,22200.0,1.0,22100.0,1,22000.0,1.0,21900.0,1.0,21800.0,1.0,21700.0,1.0,21600.0,1.0,21500.0,1.0,22500.0,1.0,22600.0,1.0,22700.0,1.0,22800.0,1.0,22900.0,1.0,23000.0,1.0,23100.0,1.0,23200.0,1.0,23300.0,1.0,23400.0,1.0
000629.SZ,2020-08-04,09:30:49,22500.0,11100.0,249750000.0,22400.0,1.0,22300.0,1.0,22200.0,1.0,22100.0,1,22000.0,1.0,21900.0,1.0,21800.0,1.0,21700.0,1.0,21600.0,1.0,21500.0,1.0,22500.0,1.0,22600.0,1.0,22700.0,1.0,22800.0,1.0,22900.0,1.0,23000.0,1.0,23100.0,1.0,23200.0,1.0,23300.0,1.0,23400.0,1.0
000629.SZ,2020-08-04,09:30:50,22500.0,4800.0,107520000.0,22400.0,1.0,22300.0,1.0,22200.0,1.0,22100.0,1,22000.0,1.0,21900.0,1.0,21800.0,1.0,21700.0,1.0,21600.0,1.0,21500.0,1.0,22500.0,1.0,22600.0,1.0,22700.0,1.0,22800.0,1.0,22900.0,1.0,23000.0,1.0,23100.0,1.0,23200.0,1.0,23300.0,1.0,23400.0,1.0
000629.SZ,2020-08-04,09:30:51,22400.0,1000.0,22500000.0,22400.0,1.0,22300.0,1.0,22200.0,1.0,22100.0,1,22000.0,1.0,21900.0,1.0,21800.0,1.0,21700.0,1.0,21600.0,1.0,21500.0,1.0,22500.0,1.0,22600.0,1.0,22700.0,1.0,22800.0,1.0,22900.0,1.0,23000.0,1.0,23100.0,1.0,23200.0,1.0,23300.0,1.0,23400.0,1.0
000629.SZ,2020-08-04,09:30:52,22500.0,0.0,0.0,22400.0,1.0,22300.0,1.0,22200.0,1.0,22100.0,1,22000.0,1.0,21900.0,1.0,21800.0,1.0,21700.0,1.0,21600.0,1.0,21500.0,1.0,22500.0,1.0,22600.0,1.0,22700.0,1.0,22800.0,1.0,22900.0,1.0,23000.0,1.0,23100.0,1.0,23200.0,1.0,23300.0,1.0,23400.0,1.0
000629.SZ,2020-08-04,09:30:53,22500.0,0.0,0.0,22400.0,1.0,22300.0,1.0,22200.0,1.0,22100.0,1,22000.0,1.0,21900.0,1.0,21800.0,1.0,21700.0,1.0,21600.0,1.0,21500.0,1.0,22500.0,1.0,22600.0,1.0,22700.0,1.0,22800.0,1.0,22900.0,1.0,23000.0,1.0,23100.0,1.0,23200.0,1.0,23300.0,1.0,23400.0,1.0
000629.SZ,2020-08-04,09:30:54,22500.0,22000.0,492800000.0,22400.0,1.0,22300.0,1.0,22200.0,1.0,22100.0,1,22000.0,1.0,21900.0,1.0,21800.0,1.0,21700.0,1.0,21600.0,1.0,21500.0,1.0,22500.0,1.0,22600.0,1.0,22700.0,1.0,22800.0,1.0,22900.0,1.0,23000.0,1.0,23100.0,1.0,23200.0,1.0,23300.0,1.0,23400.0,1.0
000629.SZ,2020-08-04,09:30:55,22400.0,7300.0,164250000.0,22400.0,1.0,22300.0,1.0,22200.0,1.0,22100.0,1,22000.0,1.0,21900.0,1.0,21800.0,1.0,21700.0,1.0,21600.0,1.0,21500.0,1.0,22500.0,1.0,22600.0,1.0,22700.0,1.0,22800.0,1.0,22900.0,1.0,23000.0,1.0,23100.0,1.0,23200.0,1.0,23300.0,1.0,23400.0,1.0
000629.SZ,2020-08-04,09:30:56,22500.0,2600.0,58500000.0,22400.0,1.0,22300.0,1.0,22200.0,1.0,22100.0,1,22000.0,1.0,21900.0,1.0,21800.0,1.0,21700.0,1.0,21600.0,1.0,21500.0,1.0,22500.0,1.0,22600.0,1.0,22700.0,1.0,22800.0,1.0,22900.0,1.0,23000.0,1.0,23100.0,1.0,23200.0,1.0,23300.0,1.0,23400.0,1.0
000629.SZ,2020-08-04,09:30:57,22500.0,41000.0,921680000.0,22400.0,1.0,22300.0,1.0,22200.0,1.0,22100.0,1,22000.0,1.0,21900.0,1.0,21800.0,1.0,21700.0,1.0,21600.0,1.0,21500.0,1.0,22500.0,1.0,22600.0,1.0,22700.0,1.0,22800.0,1.0,22900.0,1.0,23000.0,1.0,23100.0,1.0,23200.0,1.0,23300.0,1.0,23400.0,1.0
000629.SZ,2020-08-04,09:30:58,22400.0,35000.0,786870000.0,22400.0,1.0,22300.0,1.0,22200.0,1.0,22100.0,1,22000.0,1.0,21900.0,1.0,21800.0,1.0,21700.0,1.0,21600.0,1.0,21500.0,1.0,22500.0,1.0,22600.0,1.0,22700.0,1.0,22800.0,1.0,22900.0,1.0,23000.0,1.0,23100.0,1.0,23200.0,1.0,23300.0,1.0,23400.0,1.0
000629.SZ,2020-08-04,09:30:59,22400.0,90600.0,2038500000.0,22400.0,1.0,22300.0,1.0,22200.0,1.0,22100.0,1,22000.0,1.0,21900.0,1.0,21800.0,1.0,21700.0,1.0,21600.0,1.0,21500.0,1.0,22500.0,0.77,22600.0,1.0,22700.0,1.0,22800.0,1.0,22900.0,1.0,23000.0,1.0,23100.0,1.0,23200.0,1.0,23300.0,1.0,23400.0,1.0
000629.SZ,2020-08-04,09:31:00,22500.0,187600.0,4202802800.0,22400.0,1.0,22300.0,1.0,22200.0,1.0,22100.0,1,22000.0,1.0,21900.0,1.0,21800.0,1.0,21700.0,1.0,21600.0,1.0,21500.0,1.0,22500.0,0.68,22600.0,1.0,22700.0,1.0,22800.0,1.0,22900.0,1.0,23000.0,1.0,23100.0,1.0,23200.0,1.0,23300.0,1.0,23400.0,1.0
000629.SZ,2020-08-04,09:31:01,22400.0,13100.0,294750000.0,22400.0,1.0,22300.0,1.0,22200.0,1.0,22100.0,1,22000.0,1.0,21900.0,1.0,21800.0,1.0,21700.0,1.0,21600.0,1.0,21500.0,1.0,22500.0,0.64,22600.0,1.0,22700.0,1.0,22800.0,1.0,22900.0,1.0,23000.0,1.0,23100.0,1.0,23200.0,1.0,23300.0,1.0,23400.0,1.0
000629.SZ,2020-08-04,09:31:02,22500.0,1000.0,22500000.0,22400.0,1.0,22300.0,1.0,22200.0,1.0,22100.0,1,22000.0,1.0,21900.0,1.0,21800.0,1.0,21700.0,1.0,21600.0,1.0,21500.0,1.0,22500.0,0.63,22600.0,1.0,22700.0,1.0,22800.0,1.0,22900.0,1.0,23000.0,1.0,23100.0,1.0,23200.0,1.0,23300.0,1.0,23400.0,1.0
000629.SZ,2020-08-04,09:31:03,22500.0,300.0,6720000.0,22400.0,1.0,22300.0,1.0,22200.0,1.0,22100.0,1,22000.0,1.0,21900.0,1.0,21800.0,1.0,21700.0,1.0,21600.0,1.0,21500.0,1.0,22500.0,0.63,22600.0,1.0,22700.0,1.0,22800.0,1.0,22900.0,1.0,23000.0,1.0,23100.0,1.0,23200.0,1.0,23300.0,1.0,23400.0,1.0
000629.SZ,2020-08-04,09:31:04,22400.0,300.0,6750000.0,22400.0,1.0,22300.0,1.0,22200.0,1.0,22100.0,1,22000.0,1.0,21900.0,1.0,21800.0,1.0,21700.0,1.0,21600.0,1.0,21500.0,1.0,22500.0,0.62,22600.0,1.0,22700.0,1.0,22800.0,1.0,22900.0,1.0,23000.0,1.0,23100.0,1.0,23200.0,1.0,23300.0,1.0,23400.0,1.0
000629.SZ,2020-08-04,09:31:05,22500.0,30900.0,695250000.0,22400.0,1.0,22300.0,1.0,22200.0,1.0,22100.0,1,22000.0,1.0,21900.0,1.0,21800.0,1.0,21700.0,1.0,21600.0,1.0,21500.0,1.0,22500.0,0.22,22600.0,1.0,22700.0,1.0,22800.0,1.0,22900.0,1.0,23000.0,1.0,23100.0,1.0,23200.0,1.0,23300.0,1.0,23400.0,1.0
000629.SZ,2020-08-04,09:31:06,22500.0,14300.0,321750000.0,22400.0,1.0,22300.0,1.0,22200.0,1.0,22100.0,1,22000.0,1.0,21900.0,1.0,21800.0,1.0,21700.0,1.0,21600.0,1.0,21500.0,1.0,22500.0,0.03,22600.0,1.0,22700.0,1.0,22800.0,1.0,22900.0,1.0,23000.0,1.0,23100.0,1.0,23200.0,1.0,23300.0,1.0,23400.0,1.0
000629.SZ,2020-08-04,09:31:07,22500.0,2000.0,45000000.0,22400.0,1.0,22300.0,1.0,22200.0,1.0,22100.0,1,22000.0,1.0,21900.0,1.0,21800.0,1.0,21700.0,1.0,21600.0,1.0,21500.0,1.0,22500.0,0.01,22600.0,1.0,22700.0,1.0,22800.0,1.0,22900.0,1.0,23000.0,1.0,23100.0,1.0,23200.0,1.0,23300.0,1.0,23400.0,1.0
000629.SZ,2020-08-04,09:31:08,22500.0,600.0,13500000.0,22400.0,1.0,22300.0,1.0,22200.0,1.0,22100.0,1,22000.0,1.0,21900.0,1.0,21800.0,1.0,21700.0,1.0,21600.0,1.0,21500.0,1.0,22600.0,1.0,22700.0,1.0,22800.0,1.0,22900.0,1.0,23000.0,1.0,23100.0,1.0,23200.0,1.0,23300.0,1.0,23400.0,1.0,23500.0,1.0
000629.SZ,2020-08-04,09:31:09,22500.0,2100.0,47250000.0,22500.0,0.36,22400.0,1.0,22300.0,1.0,22200.0,1,22100.0,1.0,22000.0,1.0,21900.0,1.0,21800.0,1.0,21700.0,1.0,21600.0,1.0,22600.0,1.0,22700.0,1.0,22800.0,1.0,22900.0,1.0,23000.0,1.0,23100.0,1.0,23200.0,1.0,23300.0,1.0,23400.0,1.0,23500.0,1.0
000629.SZ,2020-08-04,09:31:10,22500.0,33000.0,742500000.0,22400.0,1.0,22300.0,1.0,22200.0,1.0,22100.0,1,22000.0,1.0,21900.0,1.0,21800.0,1.0,21700.0,1.0,21600.0,1.0,21500.0,1.0,22500.0,0.12,22600.0,1.0,22700.0,1.0,22800.0,1.0,22900.0,1.0,23000.0,1.0,23100.0,1.0,23200.0,1.0,23300.0,1.0,23400.0,1.0
000629.SZ,2020-08-04,09:31:11,22500.0,6200.0,139500000.0,22400.0,1.0,22300.0,1.0,22200.0,1.0,22100.0,1,22000.0,1.0,21900.0,1.0,21800.0,1.0,21700.0,1.0,21600.0,1.0,21500.0,1.0,22500.0,0.03,22600.0,1.0,22700.0,1.0,22800.0,1.0,22900.0,1.0,23000.0,1.0,23100.0,1.0,23200.0,1.0,23300.0,1.0,23400.0,1.0
000629.SZ,2020-08-04,09:31:12,22500.0,82400.0,1861992800.0,22500.0,0.0,22400.0,1.0,22300.0,1.0,22200.0,1,22100.0,1.0,22000.0,1.0,21900.0,1.0,21800.0,1.0,21700.0,1.0,21600.0,1.0,22600.0,1.0,22700.0,1.0,22800.0,1.0,22900.0,1.0,23000.0,1.0,23100.0,1.0,23200.0,1.0,23300.0,1.0,23400.0,1.0,23500.0,1.0
000629.SZ,2020-08-04,09:31:13,22600.0,2000.0,45000000.0,22500.0,0.03,22400.0,1.0,22300.0,1.0,22200.0,1,22100.0,1.0,22000.0,1.0,21900.0,1.0,21800.0,1.0,21700.0,1.0,21600.0,1.0,22600.0,1.0,22700.0,1.0,22800.0,1.0,22900.0,1.0,23000.0,1.0,23100.0,1.0,23200.0,1.0,23300.0,1.0,23400.0,1.0,23500.0,1.0
000629.SZ,2020-08-04,09:31:14,22500.0,0.0,0.0,22500.0,0.05,22400.0,1.0,22300.0,1.0,22200.0,1,22100.0,1.0,22000.0,1.0,21900.0,1.0,21800.0,1.0,21700.0,1.0,21600.0,1.0,22600.0,1.0,22700.0,1.0,22800.0,1.0,22900.0,1.0,23000.0,1.0,23100.0,1.0,23200.0,1.0,23300.0,1.0,23400.0,1.0,23500.0,1.0
000629.SZ,2020-08-04,09:31:15,22500.0,0.0,0.0,22500.0,0.06,22400.0,1.0,22300.0,1.0,22200.0,1,22100.0,1.0,22000.0,1.0,21900.0,1.0,21800.0,1.0,21700.0,1.0,21600.0,1.0,22600.0,1.0,22700.0,1.0,22800.0,1.0,22900.0,1.0,23000.0,1.0,23100.0,1.0,23200.0,1.0,23300.0,1.0,23400.0,1.0,23500.0,1.0
000629.SZ,2020-08-04,09:31:16,22500.0,18000.0,405000000.0,22500.0,0.05,22400.0,1.0,22300.0,1.0,22200.0,1,22100.0,1.0,22000.0,1.0,21900.0,1.0,21800.0,1.0,21700.0,1.0,21600.0,1.0,22600.0,1.0,22700.0,1.0,22800.0,1.0,22900.0,1.0,23000.0,1.0,23100.0,1.0,23200.0,1.0,23300.0,1.0,23400.0,1.0,23500.0,1.0
000629.SZ,2020-08-04,09:31:17,22500.0,0.0,0.0,22500.0,0.02,22400.0,1.0,22300.0,1.0,22200.0,1,22100.0,1.0,22000.0,1.0,21900.0,1.0,21800.0,1.0,21700.0,1.0,21600.0,1.0,22600.0,1.0,22700.0,1.0,22800.0,1.0,22900.0,1.0,23000.0,1.0,23100.0,1.0,23200.0,1.0,23300.0,1.0,23400.0,1.0,23500.0,1.0
000629.SZ,2020-08-04,09:31:18,22500.0,9000.0,202500000.0,22400.0,1.0,22300.0,1.0,22200.0,1.0,22100.0,1,22000.0,1.0,21900.0,1.0,21800.0,1.0,21700.0,1.0,21600.0,1.0,21500.0,1.0,22500.0,0.73,22600.0,1.0,22700.0,1.0,22800.0,1.0,22900.0,1.0,23000.0,1.0,23100.0,1.0,23200.0,1.0,23300.0,1.0,23400.0,1.0
000629.SZ,2020-08-04,09:31:19,22500.0,9700.0,218250000.0,22400.0,1.0,22300.0,1.0,22200.0,1.0,22100.0,1,22000.0,1.0,21900.0,1.0,21800.0,1.0,21700.0,1.0,21600.0,1.0,21500.0,1.0,22500.0,0.6,22600.0,1.0,22700.0,1.0,22800.0,1.0,22900.0,1.0,23000.0,1.0,23100.0,1.0,23200.0,1.0,23300.0,1.0,23400.0,1.0
000629.SZ,2020-08-04,09:31:20,22500.0,1300.0,29149900.0,22400.0,1.0,22300.0,1.0,22200.0,1.0,22100.0,1,22000.0,1.0,21900.0,1.0,21800.0,1.0,21700.0,1.0,21600.0,1.0,21500.0,1.0,22500.0,0.62,22600.0,1.0,22700.0,1.0,22800.0,1.0,22900.0,1.0,23000.0,1.0,23100.0,1.0,23200.0,1.0,23300.0,1.0,23400.0,1.0
000629.SZ,2020-08-04,09:31:21,22400.0,0.0,0.0,22400.0,1.0,22300.0,1.0,22200.0,1.0,22100.0,1,22000.0,1.0,21900.0,1.0,21800.0,1.0,21700.0,1.0,21600.0,1.0,21500.0,1.0,22500.0,0.64,22600.0,1.0,22700.0,1.0,22800.0,1.0,22900.0,1.0,23000.0,1.0,23100.0,1.0,23200.0,1.0,23300.0,1.0,23400.0,1.0
000629.SZ,2020-08-04,09:31:22,22400.0,2100.0,47040000.0,22400.0,1.0,22300.0,1.0,22200.0,1.0,22100.0,1,22000.0,1.0,21900.0,1.0,21800.0,1.0,21700.0,1.0,21600.0,1.0,21500.0,1.0,22500.0,0.66,22600.0,1.0,22700.0,1.0,22800.0,1.0,22900.0,1.0,23000.0,1.0,23100.0,1.0,23200.0,1.0,23300.0,1.0,23400.0,1.0
000629.SZ,2020-08-04,09:31:23,22400.0,300.0,6750000.0,22400.0,1.0,22300.0,1.0,22200.0,1.0,22100.0,1,22000.0,1.0,21900.0,1.0,21800.0,1.0,21700.0,1.0,21600.0,1.0,21500.0,1.0,22500.0,0.66,22600.0,1.0,22700.0,1.0,22800.0,1.0,22900.0,1.0,23000.0,1.0,23100.0,1.0,23200.0,1.0,23300.0,1.0,23400.0,1.0
000629.SZ,2020-08-04,09:31:24,22500.0,300.0,6720000.0,22400.0,1.0,22300.0,1.0,22200.0,1.0,22100.0,1,22000.0,1.0,21900.0,1.0,21800.0,1.0,21700.0,1.0,21600.0,1.0,21500.0,1.0,22500.0,0.79,22600.0,1.0,22700.0,1.0,22800.0,1.0,22900.0,1.0,23000.0,1.0,23100.0,1.0,23200.0,1.0,23300.0,1.0,23400.0,1.0
000629.SZ,2020-08-04,09:31:25,22400.0,200.0,4500000.0,22400.0,1.0,22300.0,1.0,22200.0,1.0,22100.0,1,22000.0,1.0,21900.0,1.0,21800.0,1.0,21700.0,1.0,21600.0,1.0,21500.0,1.0,22500.0,0.79,22600.0,1.0,22700.0,1.0,22800.0,1.0,22900.0,1.0,23000.0,1.0,23100.0,1.0,23200.0,1.0,23300.0,1.0,23400.0,1.0
000629.SZ,2020-08-04,09:31:26,22500.0,0.0,0.0,22400.0,1.0,22300.0,1.0,22200.0,1.0,22100.0,1,22000.0,1.0,21900.0,1.0,21800.0,1.0,21700.0,1.0,21600.0,1.0,21500.0,1.0,22500.0,0.79,22600.0,1.0,22700.0,1.0,22800.0,1.0,22900.0,1.0,23000.0,1.0,23100.0,1.0,23200.0,1.0,23300.0,1.0,23400.0,1.0
000629.SZ,2020-08-04,09:31:27,22500.0,0.0,0.0,22400.0,1.0,22300.0,1.0,22200.0,1.0,22100.0,1,22000.0,1.0,21900.0,1.0,21800.0,1.0,21700.0,1.0,21600.0,1.0,21500.0,1.0,22500.0,0.79,22600.0,1.0,22700.0,1.0,22800.0,1.0,22900.0,1.0,23000.0,1.0,23100.0,1.0,23200.0,1.0,23300.0,1.0,23400.0,1.0
000629.SZ,2020-08-04,09:31:28,22500.0,35300.0,794250000.0,22400.0,1.0,22300.0,1.0,22200.0,1.0,22100.0,1,22000.0,1.0,21900.0,1.0,21800.0,1.0,21700.0,1.0,21600.0,1.0,21500.0,1.0,22500.0,0.46,22600.0,1.0,22700.0,1.0,22800.0,1.0,22900.0,1.0,23000.0,1.0,23100.0,1.0,23200.0,1.0,23300.0,1.0,23400.0,1.0
000629.SZ,2020-08-04,09:31:29,22500.0,13400.0,301500000.0,22400.0,1.0,22300.0,1.0,22200.0,1.0,22100.0,1,22000.0,1.0,21900.0,1.0,21800.0,1.0,21700.0,1.0,21600.0,1.0,21500.0,1.0,22500.0,0.29,22600.0,1.0,22700.0,1.0,22800.0,1.0,22900.0,1.0,23000.0,1.0,23100.0,1.0,23200.0,1.0,23300.0,1.0,23400.0,1.0
000629.SZ,2020-08-04,09:31:30,22500.0,14400.0,323697600.0,22400.0,1.0,22300.0,1.0,22200.0,1.0,22100.0,1,22000.0,1.0,21900.0,1.0,21800.0,1.0,21700.0,1.0,21600.0,1.0,21500.0,1.0,22500.0,0.14,22600.0,1.0,22700.0,1.0,22800.0,1.0,22900.0,1.0,23000.0,1.0,23100.0,1.0,23200.0,1.0,23300.0,1.0,23400.0,1.0
000629.SZ,2020-08-04,09:31:31,22500.0,13700.0,308250000.0,22500.0,0.35,22400.0,1.0,22300.0,1.0,22200.0,1,22100.0,1.0,22000.0,1.0,21900.0,1.0,21800.0,1.0,21700.0,1.0,21600.0,1.0,22600.0,1.0,22700.0,1.0,22800.0,1.0,22900.0,1.0,23000.0,1.0,23100.0,1.0,23200.0,1.0,23300.0,1.0,23400.0,1.0,23500.0,1.0
000629.SZ,2020-08-04,09:31:32,22500.0,27000.0,607500000.0,22400.0,1.0,22300.0,1.0,22200.0,1.0,22100.0,1,22000.0,1.0,21900.0,1.0,21800.0,1.0,21700.0,1.0,21600.0,1.0,21500.0,1.0,22500.0,1.0,22600.0,1.0,22700.0,1.0,22800.0,1.0,22900.0,1.0,23000.0,1.0,23100.0,1.0,23200.0,1.0,23300.0,1.0,23400.0,1.0
000629.SZ,2020-08-04,09:31:33,22500.0,400.0,9000000.0,22400.0,1.0,22300.0,1.0,22200.0,1.0,22100.0,1,22000.0,1.0,21900.0,1.0,21800.0,1.0,21700.0,1.0,21600.0,1.0,21500.0,1.0,22500.0,1.0,22600.0,1.0,22700.0,1.0,22800.0,1.0,22900.0,1.0,23000.0,1.0,23100.0,1.0,23200.0,1.0,23300.0,1.0,23400.0,1.0
000629.SZ,2020-08-04,09:31:34,22500.0,2700.0,60588000.0,22400.0,1.0,22300.0,1.0,22200.0,1.0,22100.0,1,22000.0,1.0,21900.0,1.0,21800.0,1.0,21700.0,1.0,21600.0,1.0,21500.0,1.0,22500.0,1.0,22600.0,1.0,22700.0,1.0,22800.0,1.0,22900.0,1.0,23000.0,1.0,23100.0,1.0,23200.0,1.0,23300.0,1.0,23400.0,1.0
000629.SZ,2020-08-04,09:31:35,22400.0,0.0,0.0,22400.0,1.0,22300.0,1.0,22200.0,1.0,22100.0,1,22000.0,1.0,21900.0,1.0,21800.0,1.0,21700.0,1.0,21600.0,1.0,21500.0,1.0,22500.0,1.0,22600.0,1.0,22700.0,1.0,22800.0,1.0,22900.0,1.0,23000.0,1.0,23100.0,1.0,23200.0,1.0,23300.0,1.0,23400.0,1.0
000629.SZ,2020-08-04,09:31:36,22400.0,0.0,0.0,22400.0,1.0,22300.0,1.0,22200.0,1.0,22100.0,1,22000.0,1.0,21900.0,1.0,21800.0,1.0,21700.0,1.0,21600.0,1.0,21500.0,1.0,22500.0,1.0,22600.0,1.0,22700.0,1.0,22800.0,1.0,22900.0,1.0,23000.0,1.0,23100.0,1.0,23200.0,1.0,23300.0,1.0,23400.0,1.0
000629.SZ,2020-08-04,09:31:37,22400.0,0.0,0.0,22400.0,1.0,22300.0,1.0,22200.0,1.0,22100.0,1,22000.0,1.0,21900.0,1.0,21800.0,1.0,21700.0,1.0,21600.0,1.0,21500.0,1.0,22500.0,1.0,22600.0,1.0,22700.0,1.0,22800.0,1.0,22900.0,1.0,23000.0,1.0,23100.0,1.0,23200.0,1.0,23300.0,1.0,23400.0,1.0
000629.SZ,2020-08-04,09:31:38,22400.0,0.0,0.0,22400.0,1.0,22300.0,1.0,22200.0,1.0,22100.0,1,22000.0,1.0,21900.0,1.0,21800.0,1.0,21700.0,1.0,21600.0,1.0,21500.0,1.0,22500.0,1.0,22600.0,1.0,22700.0,1.0,22800.0,1.0,22900.0,1.0,23000.0,1.0,23100.0,1.0,23200.0,1.0,23300.0,1.0,23400.0,1.0
000629.SZ,2020-08-04,09:31:39,22400.0,6200.0,138880000.0,22400.0,1.0,22300.0,1.0,22200.0,1.0,22100.0,1,22000.0,1.0,21900.0,1.0,21800.0,1.0,21700.0,1.0,21600.0,1.0,21500.0,1.0,22500.0,1.0,22600.0,1.0,22700.0,1.0,22800.0,1.0,22900.0,1.0,23000.0,1.0,23100.0,1.0,23200.0,1.0,23300.0,1.0,23400.0,1.0
000629.SZ,2020-08-04,09:31:40,22400.0,200.0,4480000.0,22400.0,1.0,22300.0,1.0,22200.0,1.0,22100.0,1,22000.0,1.0,21900.0,1.0,21800.0,1.0,21700.0,1.0,21600.0,1.0,21500.0,1.0,22500.0,1.0,22600.0,1.0,22700.0,1.0,22800.0,1.0,22900.0,1.0,23000.0,1.0,23100.0,1.0,23200.0,1.0,23300.0,1.0,23400.0,1.0
000629.SZ,2020-08-04,09:31:41,22400.0,0.0,0.0,22400.0,1.0,22300.0,1.0,22200.0,1.0,22100.0,1,22000.0,1.0,21900.0,1.0,21800.0,1.0,21700.0,1.0,21600.0,1.0,21500.0,1.0,22500.0,1.0,22600.0,1.0,22700.0,1.0,22800.0,1.0,22900.0,1.0,23000.0,1.0,23100.0,1.0,23200.0,1.0,23300.0,1.0,23400.0,1.0
000629.SZ,2020-08-04,09:31:42,22400.0,200.0,4500000.0,22400.0,1.0,22300.0,1.0,22200.0,1.0,22100.0,1,22000.0,1.0,21900.0,1.0,21800.0,1.0,21700.0,1.0,21600.0,1.0,21500.0,1.0,22500.0,1.0,22600.0,1.0,22700.0,1.0,22800.0,1.0,22900.0,1.0,23000.0,1.0,23100.0,1.0,23200.0,1.0,23300.0,1.0,23400.0,1.0
000629.SZ,2020-08-04,09:31:43,22500.0,100.0,2240000.0,22400.0,1.0,22300.0,1.0,22200.0,1.0,22100.0,1,22000.0,1.0,21900.0,1.0,21800.0,1.0,21700.0,1.0,21600.0,1.0,21500.0,1.0,22500.0,1.0,22600.0,1.0,22700.0,1.0,22800.0,1.0,22900.0,1.0,23000.0,1.0,23100.0,1.0,23200.0,1.0,23300.0,1.0,23400.0,1.0
000629.SZ,2020-08-04,09:31:44,22400.0,20000.0,450000000.0,22400.0,1.0,22300.0,1.0,22200.0,1.0,22100.0,1,22000.0,1.0,21900.0,1.0,21800.0,1.0,21700.0,1.0,21600.0,1.0,21500.0,1.0,22500.0,1.0,22600.0,1.0,22700.0,1.0,22800.0,1.0,22900.0,1.0,23000.0,1.0,23100.0,1.0,23200.0,1.0,23300.0,1.0,23400.0,1.0
000629.SZ,2020-08-04,09:31:45,22500.0,300.0,6720000.0,22400.0,1.0,22300.0,1.0,22200.0,1.0,22100.0,1,22000.0,1.0,21900.0,1.0,21800.0,1.0,21700.0,1.0,21600.0,1.0,21500.0,1.0,22500.0,1.0,22600.0,1.0,22700.0,1.0,22800.0,1.0,22900.0,1.0,23000.0,1.0,23100.0,1.0,23200.0,1.0,23300.0,1.0,23400.0,1.0
000629.SZ,2020-08-04,09:31:46,22400.0,87800.0,1966720000.0,22400.0,1.0,22300.0,1.0,22200.0,1.0,22100.0,1,22000.0,1.0,21900.0,1.0,21800.0,1.0,21700.0,1.0,21600.0,1.0,21500.0,1.0,22500.0,1.0,22600.0,1.0,22700.0,1.0,22800.0,1.0,22900.0,1.0,23000.0,1.0,23100.0,1.0,23200.0,1.0,23300.0,1.0,23400.0,1.0
000629.SZ,2020-08-04,09:31:47,22400.0,0.0,0.0,22400.0,1.0,22300.0,1.0,22200.0,1.0,22100.0,1,22000.0,1.0,21900.0,1.0,21800.0,1.0,21700.0,1.0,21600.0,1.0,21500.0,1.0,22500.0,1.0,22600.0,1.0,22700.0,1.0,22800.0,1.0,22900.0,1.0,23000.0,1.0,23100.0,1.0,23200.0,1.0,23300.0,1.0,23400.0,1.0
000629.SZ,2020-08-04,09:31:48,22400.0,0.0,0.0,22400.0,1.0,22300.0,1.0,22200.0,1.0,22100.0,1,22000.0,1.0,21900.0,1.0,21800.0,1.0,21700.0,1.0,21600.0,1.0,21500.0,1.0,22500.0,1.0,22600.0,1.0,22700.0,1.0,22800.0,1.0,22900.0,1.0,23000.0,1.0,23100.0,1.0,23200.0,1.0,23300.0,1.0,23400.0,1.0
000629.SZ,2020-08-04,09:31:49,22400.0,0.0,0.0,22400.0,1.0,22300.0,1.0,22200.0,1.0,22100.0,1,22000.0,1.0,21900.0,1.0,21800.0,1.0,21700.0,1.0,21600.0,1.0,21500.0,1.0,22500.0,1.0,22600.0,1.0,22700.0,1.0,22800.0,1.0,22900.0,1.0,23000.0,1.0,23100.0,1.0,23200.0,1.0,23300.0,1.0,23400.0,1.0
000629.SZ,2020-08-04,09:31:50,22400.0,14200.0,319500000.0,22400.0,1.0,22300.0,1.0,22200.0,1.0,22100.0,1,22000.0,1.0,21900.0,1.0,21800.0,1.0,21700.0,1.0,21600.0,1.0,21500.0,1.0,22500.0,1.0,22600.0,1.0,22700.0,1.0,22800.0,1.0,22900.0,1.0,23000.0,1.0,23100.0,1.0,23200.0,1.0,23300.0,1.0,23400.0,1.0
000629.SZ,2020-08-04,09:31:51,22500.0,10000.0,225000000.0,22400.0,1.0,22300.0,1.0,22200.0,1.0,22100.0,1,22000.0,1.0,21900.0,1.0,21800.0,1.0,21700.0,1.0,21600.0,1.0,21500.0,1.0,22500.0,1.0,22600.0,1.0,22700.0,1.0,22800.0,1.0,22900.0,1.0,23000.0,1.0,23100.0,1.0,23200.0,1.0,23300.0,1.0,23400.0,1.0
000629.SZ,2020-08-04,09:31:52,22500.0,0.0,0.0,22400.0,1.0,22300.0,1.0,22200.0,1.0,22100.0,1,22000.0,1.0,21900.0,1.0,21800.0,1.0,21700.0,1.0,21600.0,1.0,21500.0,1.0,22500.0,1.0,22600.0,1.0,22700.0,1.0,22800.0,1.0,22900.0,1.0,23000.0,1.0,23100.0,1.0,23200.0,1.0,23300.0,1.0,23400.0,1.0
000629.SZ,2020-08-04,09:31:53,22500.0,0.0,0.0,22400.0,1.0,22300.0,1.0,22200.0,1.0,22100.0,1,22000.0,1.0,21900.0,1.0,21800.0,1.0,21700.0,1.0,21600.0,1.0,21500.0,1.0,22500.0,1.0,22600.0,1.0,22700.0,1.0,22800.0,1.0,22900.0,1.0,23000.0,1.0,23100.0,1.0,23200.0,1.0,23300.0,1.0,23400.0,1.0
000629.SZ,2020-08-04,09:31:54,22500.0,0.0,0.0,22400.0,1.0,22300.0,1.0,22200.0,1.0,22100.0,1,22000.0,1.0,21900.0,1.0,21800.0,1.0,21700.0,1.0,21600.0,1.0,21500.0,1.0,22500.0,1.0,22600.0,1.0,22700.0,1.0,22800.0,1.0,22900.0,1.0,23000.0,1.0,23100.0,1.0,23200.0,1.0,23300.0,1.0,23400.0,1.0
000629.SZ,2020-08-04,09:31:55,22500.0,0.0,0.0,22400.0,1.0,22300.0,1.0,22200.0,1.0,22100.0,1,22000.0,1.0,21900.0,1.0,21800.0,1.0,21700.0,1.0,21600.0,1.0,21500.0,1.0,22500.0,1.0,22600.0,1.0,22700.0,1.0,22800.0,1.0,22900.0,1.0,23000.0,1.0,23100.0,1.0,23200.0,1.0,23300.0,1.0,23400.0,1.0
000629.SZ,2020-08-04,09:31:56,22500.0,0.0,0.0,22400.0,1.0,22300.0,1.0,22200.0,1.0,22100.0,1,22000.0,1.0,21900.0,1.0,21800.0,1.0,21700.0,1.0,21600.0,1.0,21500.0,1.0,22500.0,1.0,22600.0,1.0,22700.0,1.0,22800.0,1.0,22900.0,1.0,23000.0,1.0,23100.0,1.0,23200.0,1.0,23300.0,1.0,23400.0,1.0
000629.SZ,2020-08-04,09:31:57,22500.0,0.0,0.0,22400.0,1.0,22300.0,1.0,22200.0,1.0,22100.0,1,22000.0,1.0,21900.0,1.0,21800.0,1.0,21700.0,1.0,21600.0,1.0,21500.0,1.0,22500.0,1.0,22600.0,1.0,22700.0,1.0,22800.0,1.0,22900.0,1.0,23000.0,1.0,23100.0,1.0,23200.0,1.0,23300.0,1.0,23400.0,1.0
000629.SZ,2020-08-04,09:31:58,22500.0,3600.0,81000000.0,22400.0,1.0,22300.0,1.0,22200.0,1.0,22100.0,1,22000.0,1.0,21900.0,1.0,21800.0,1.0,21700.0,1.0,21600.0,1.0,21500.0,1.0,22500.0,1.0,22600.0,1.0,22700.0,1.0,22800.0,1.0,22900.0,1.0,23000.0,1.0,23100.0,1.0,23200.0,1.0,23300.0,1.0,23400.0,1.0
000629.SZ,2020-08-04,09:31:59,22500.0,0.0,0.0,22400.0,1.0,22300.0,1.0,22200.0,1.0,22100.0,1,22000.0,1.0,21900.0,1.0,21800.0,1.0,21700.0,1.0,21600.0,1.0,21500.0,1.0,22500.0,1.0,22600.0,1.0,22700.0,1.0,22800.0,1.0,22900.0,1.0,23000.0,1.0,23100.0,1.0,23200.0,1.0,23300.0,1.0,23400.0,1.0
000629.SZ,2020-08-04,09:32:00,22500.0,0.0,0.0,22400.0,1.0,22300.0,1.0,22200.0,1.0,22100.0,1,22000.0,1.0,21900.0,1.0,21800.0,1.0,21700.0,1.0,21600.0,1.0,21500.0,1.0,22500.0,1.0,22600.0,1.0,22700.0,1.0,22800.0,1.0,22900.0,1.0,23000.0,1.0,23100.0,1.0,23200.0,1.0,23300.0,1.0,23400.0,1.0
000629.SZ,2020-08-04,09:32:01,22500.0,0.0,0.0,22400.0,1.0,22300.0,1.0,22200.0,1.0,22100.0,1,22000.0,1.0,21900.0,1.0,21800.0,1.0,21700.0,1.0,21600.0,1.0,21500.0,1.0,22500.0,1.0,22600.0,1.0,22700.0,1.0,22800.0,1.0,22900.0,1.0,23000.0,1.0,23100.0,1.0,23200.0,1.0,23300.0,1.0,23400.0,1.0
000629.SZ,2020-08-04,09:32:02,22500.0,0.0,0.0,22400.0,1.0,22300.0,1.0,22200.0,1.0,22100.0,1,22000.0,1.0,21900.0,1.0,21800.0,1.0,21700.0,1.0,21600.0,1.0,21500.0,1.0,22500.0,1.0,22600.0,1.0,22700.0,1.0,22800.0,1.0,22900.0,1.0,23000.0,1.0,23100.0,1.0,23200.0,1.0,23300.0,1.0,23400.0,1.0
000629.SZ,2020-08-04,09:32:03,22500.0,10000.0,224000000.0,22400.0,1.0,22300.0,1.0,22200.0,1.0,22100.0,1,22000.0,1.0,21900.0,1.0,21800.0,1.0,21700.0,1.0,21600.0,1.0,21500.0,1.0,22500.0,1.0,22600.0,1.0,22700.0,1.0,22800.0,1.0,22900.0,1.0,23000.0,1.0,23100.0,1.0,23200.0,1.0,23300.0,1.0,23400.0,1.0
000629.SZ,2020-08-04,09:32:04,22400.0,0.0,0.0,22400.0,1.0,22300.0,1.0,22200.0,1.0,22100.0,1,22000.0,1.0,21900.0,1.0,21800.0,1.0,21700.0,1.0,21600.0,1.0,21500.0,1.0,22500.0,1.0,22600.0,1.0,22700.0,1.0,22800.0,1.0,22900.0,1.0,23000.0,1.0,23100.0,1.0,23200.0,1.0,23300.0,1.0,23400.0,1.0
000629.SZ,2020-08-04,09:32:05,22400.0,0.0,0.0,22400.0,1.0,22300.0,1.0,22200.0,1.0,22100.0,1,22000.0,1.0,21900.0,1.0,21800.0,1.0,21700.0,1.0,21600.0,1.0,21500.0,1.0,22500.0,1.0,22600.0,1.0,22700.0,1.0,22800.0,1.0,22900.0,1.0,23000.0,1.0,23100.0,1.0,23200.0,1.0,23300.0,1.0,23400.0,1.0
000629.SZ,2020-08-04,09:32:06,22400.0,5700.0,128250000.0,22400.0,1.0,22300.0,1.0,22200.0,1.0,22100.0,1,22000.0,1.0,21900.0,1.0,21800.0,1.0,21700.0,1.0,21600.0,1.0,21500.0,1.0,22500.0,1.0,22600.0,1.0,22700.0,1.0,22800.0,1.0,22900.0,1.0,23000.0,1.0,23100.0,1.0,23200.0,1.0,23300.0,1.0,23400.0,1.0
000629.SZ,2020-08-04,09:32:07,22500.0,300.0,6720000.0,22400.0,1.0,22300.0,1.0,22200.0,1.0,22100.0,1,22000.0,1.0,21900.0,1.0,21800.0,1.0,21700.0,1.0,21600.0,1.0,21500.0,1.0,22500.0,1.0,22600.0,1.0,22700.0,1.0,22800.0,1.0,22900.0,1.0,23000.0,1.0,23100.0,1.0,23200.0,1.0,23300.0,1.0,23400.0,1.0
000629.SZ,2020-08-04,09:32:08,22400.0,2200.0,49280000.0,22400.0,1.0,22300.0,1.0,22200.0,1.0,22100.0,1,22000.0,1.0,21900.0,1.0,21800.0,1.0,21700.0,1.0,21600.0,1.0,21500.0,1.0,22500.0,1.0,22600.0,1.0,22700.0,1.0,22800.0,1.0,22900.0,1.0,23000.0,1.0,23100.0,1.0,23200.0,1.0,23300.0,1.0,23400.0,1.0
000629.SZ,2020-08-04,09:32:09,22400.0,0.0,0.0,22400.0,1.0,22300.0,1.0,22200.0,1.0,22100.0,1,22000.0,1.0,21900.0,1.0,21800.0,1.0,21700.0,1.0,21600.0,1.0,21500.0,1.0,22500.0,1.0,22600.0,1.0,22700.0,1.0,22800.0,1.0,22900.0,1.0,23000.0,1.0,23100.0,1.0,23200.0,1.0,23300.0,1.0,23400.0,1.0
000629.SZ,2020-08-04,09:32:10,22400.0,0.0,0.0,22400.0,1.0,22300.0,1.0,22200.0,1.0,22100.0,1,22000.0,1.0,21900.0,1.0,21800.0,1.0,21700.0,1.0,21600.0,1.0,21500.0,1.0,22500.0,1.0,22600.0,1.0,22700.0,1.0,22800.0,1.0,22900.0,1.0,23000.0,1.0,23100.0,1.0,23200.0,1.0,23300.0,1.0,23400.0,1.0
000629.SZ,2020-08-04,09:32:11,22400.0,0.0,0.0,22400.0,1.0,22300.0,1.0,22200.0,1.0,22100.0,1,22000.0,1.0,21900.0,1.0,21800.0,1.0,21700.0,1.0,21600.0,1.0,21500.0,1.0,22500.0,1.0,22600.0,1.0,22700.0,1.0,22800.0,1.0,22900.0,1.0,23000.0,1.0,23100.0,1.0,23200.0,1.0,23300.0,1.0,23400.0,1.0
000629.SZ,2020-08-04,09:32:12,22400.0,0.0,0.0,22400.0,1.0,22300.0,1.0,22200.0,1.0,22100.0,1,22000.0,1.0,21900.0,1.0,21800.0,1.0,21700.0,1.0,21600.0,1.0,21500.0,1.0,22500.0,1.0,22600.0,1.0,22700.0,1.0,22800.0,1.0,22900.0,1.0,23000.0,1.0,23100.0,1.0,23200.0,1.0,23300.0,1.0,23400.0,1.0
000629.SZ,2020-08-04,09:32:13,22400.0,15000.0,336000000.0,22400.0,1.0,22300.0,1.0,22200.0,1.0,22100.0,1,22000.0,1.0,21900.0,1.0,21800.0,1.0,21700.0,1.0,21600.0,1.0,21500.0,1.0,22500.0,1.0,22600.0,1.0,22700.0,1.0,22800.0,1.0,22900.0,1.0,23000.0,1.0,23100.0,1.0,23200.0,1.0,23300.0,1.0,23400.0,1.0
000629.SZ,2020-08-04,09:32:14,22400.0,4700.0,105280000.0,22400.0,1.0,22300.0,1.0,22200.0,1.0,22100.0,1,22000.0,1.0,21900.0,1.0,21800.0,1.0,21700.0,1.0,21600.0,1.0,21500.0,1.0,22500.0,1.0,22600.0,1.0,22700.0,1.0,22800.0,1.0,22900.0,1.0,23000.0,1.0,23100.0,1.0,23200.0,1.0,23300.0,1.0,23400.0,1.0
000629.SZ,2020-08-04,09:32:15,22400.0,0.0,0.0,22400.0,1.0,22300.0,1.0,22200.0,1.0,22100.0,1,22000.0,1.0,21900.0,1.0,21800.0,1.0,21700.0,1.0,21600.0,1.0,21500.0,1.0,22500.0,1.0,22600.0,1.0,22700.0,1.0,22800.0,1.0,22900.0,1.0,23000.0,1.0,23100.0,1.0,23200.0,1.0,23300.0,1.0,23400.0,1.0
000629.SZ,2020-08-04,09:32:16,22400.0,17000.0,382500000.0,22400.0,1.0,22300.0,1.0,22200.0,1.0,22100.0,1,22000.0,1.0,21900.0,1.0,21800.0,1.0,21700.0,1.0,21600.0,1.0,21500.0,1.0,22500.0,1.0,22600.0,1.0,22700.0,1.0,22800.0,1.0,22900.0,1.0,23000.0,1.0,23100.0,1.0,23200.0,1.0,23300.0,1.0,23400.0,1.0
000629.SZ,2020-08-04,09:32:17,22500.0,0.0,0.0,22400.0,1.0,22300.0,1.0,22200.0,1.0,22100.0,1,22000.0,1.0,21900.0,1.0,21800.0,1.0,21700.0,1.0,21600.0,1.0,21500.0,1.0,22500.0,1.0,22600.0,1.0,22700.0,1.0,22800.0,1.0,22900.0,1.0,23000.0,1.0,23100.0,1.0,23200.0,1.0,23300.0,1.0,23400.0,1.0
000629.SZ,2020-08-04,09:32:18,22500.0,0.0,0.0,22400.0,1.0,22300.0,1.0,22200.0,1.0,22100.0,1,22000.0,1.0,21900.0,1.0,21800.0,1.0,21700.0,1.0,21600.0,1.0,21500.0,1.0,22500.0,1.0,22600.0,1.0,22700.0,1.0,22800.0,1.0,22900.0,1.0,23000.0,1.0,23100.0,1.0,23200.0,1.0,23300.0,1.0,23400.0,1.0
000629.SZ,2020-08-04,09:32:19,22500.0,1000.0,22400000.0,22400.0,1.0,22300.0,1.0,22200.0,1.0,22100.0,1,22000.0,1.0,21900.0,1.0,21800.0,1.0,21700.0,1.0,21600.0,1.0,21500.0,1.0,22500.0,1.0,22600.0,1.0,22700.0,1.0,22800.0,1.0,22900.0,1.0,23000.0,1.0,23100.0,1.0,23200.0,1.0,23300.0,1.0,23400.0,1.0
000629.SZ,2020-08-04,09:32:20,22400.0,5000.0,112500000.0,22400.0,1.0,22300.0,1.0,22200.0,1.0,22100.0,1,22000.0,1.0,21900.0,1.0,21800.0,1.0,21700.0,1.0,21600.0,1.0,21500.0,1.0,22500.0,1.0,22600.0,1.0,22700.0,1.0,22800.0,1.0,22900.0,1.0,23000.0,1.0,23100.0,1.0,23200.0,1.0,23300.0,1.0,23400.0,1.0
000629.SZ,2020-08-04,09:32:21,22500.0,700.0,15680000.0,22400.0,1.0,22300.0,1.0,22200.0,1.0,22100.0,1,22000.0,1.0,21900.0,1.0,21800.0,1.0,21700.0,1.0,21600.0,1.0,21500.0,1.0,22500.0,1.0,22600.0,1.0,22700.0,1.0,22800.0,1.0,22900.0,1.0,23000.0,1.0,23100.0,1.0,23200.0,1.0,23300.0,1.0,23400.0,1.0
000629.SZ,2020-08-04,09:32:22,22400.0,0.0,0.0,22400.0,1.0,22300.0,1.0,22200.0,1.0,22100.0,1,22000.0,1.0,21900.0,1.0,21800.0,1.0,21700.0,1.0,21600.0,1.0,21500.0,1.0,22500.0,1.0,22600.0,1.0,22700.0,1.0,22800.0,1.0,22900.0,1.0,23000.0,1.0,23100.0,1.0,23200.0,1.0,23300.0,1.0,23400.0,1.0
000629.SZ,2020-08-04,09:32:23,22400.0,0.0,0.0,22400.0,1.0,22300.0,1.0,22200.0,1.0,22100.0,1,22000.0,1.0,21900.0,1.0,21800.0,1.0,21700.0,1.0,21600.0,1.0,21500.0,1.0,22500.0,1.0,22600.0,1.0,22700.0,1.0,22800.0,1.0,22900.0,1.0,23000.0,1.0,23100.0,1.0,23200.0,1.0,23300.0,1.0,23400.0,1.0
000629.SZ,2020-08-04,09:32:24,22400.0,900.0,20160000.0,22400.0,1.0,22300.0,1.0,22200.0,1.0,22100.0,1,22000.0,1.0,21900.0,1.0,21800.0,1.0,21700.0,1.0,21600.0,1.0,21500.0,1.0,22500.0,1.0,22600.0,1.0,22700.0,1.0,22800.0,1.0,22900.0,1.0,23000.0,1.0,23100.0,1.0,23200.0,1.0,23300.0,1.0,23400.0,1.0
000629.SZ,2020-08-04,09:32:25,22400.0,100.0,2240000.0,22400.0,1.0,22300.0,1.0,22200.0,1.0,22100.0,1,22000.0,1.0,21900.0,1.0,21800.0,1.0,21700.0,1.0,21600.0,1.0,21500.0,1.0,22500.0,1.0,22600.0,1.0,22700.0,1.0,22800.0,1.0,22900.0,1.0,23000.0,1.0,23100.0,1.0,23200.0,1.0,23300.0,1.0,23400.0,1.0
000629.SZ,2020-08-04,09:32:26,22400.0,0.0,0.0,22400.0,1.0,22300.0,1.0,22200.0,1.0,22100.0,1,22000.0,1.0,21900.0,1.0,21800.0,1.0,21700.0,1.0,21600.0,1.0,21500.0,1.0,22500.0,1.0,22600.0,1.0,22700.0,1.0,22800.0,1.0,22900.0,1.0,23000.0,1.0,23100.0,1.0,23200.0,1.0,23300.0,1.0,23400.0,1.0
000629.SZ,2020-08-04,09:32:27,22400.0,0.0,0.0,22400.0,1.0,22300.0,1.0,22200.0,1.0,22100.0,1,22000.0,1.0,21900.0,1.0,21800.0,1.0,21700.0,1.0,21600.0,1.0,21500.0,1.0,22500.0,1.0,22600.0,1.0,22700.0,1.0,22800.0,1.0,22900.0,1.0,23000.0,1.0,23100.0,1.0,23200.0,1.0,23300.0,1.0,23400.0,1.0
000629.SZ,2020-08-04,09:32:28,22400.0,300.0,6720000.0,22400.0,1.0,22300.0,1.0,22200.0,1.0,22100.0,1,22000.0,1.0,21900.0,1.0,21800.0,1.0,21700.0,1.0,21600.0,1.0,21500.0,1.0,22500.0,1.0,22600.0,1.0,22700.0,1.0,22800.0,1.0,22900.0,1.0,23000.0,1.0,23100.0,1.0,23200.0,1.0,23300.0,1.0,23400.0,1.0
000629.SZ,2020-08-04,09:32:29,22400.0,2800.0,62720000.0,22400.0,1.0,22300.0,1.0,22200.0,1.0,22100.0,1,22000.0,1.0,21900.0,1.0,21800.0,1.0,21700.0,1.0,21600.0,1.0,21500.0,1.0,22500.0,1.0,22600.0,1.0,22700.0,1.0,22800.0,1.0,22900.0,1.0,23000.0,1.0,23100.0,1.0,23200.0,1.0,23300.0,1.0,23400.0,1.0
000629.SZ,2020-08-04,09:32:30,22400.0,4100.0,91848200.0,22400.0,1.0,22300.0,1.0,22200.0,1.0,22100.0,1,22000.0,1.0,21900.0,1.0,21800.0,1.0,21700.0,1.0,21600.0,1.0,21500.0,1.0,22500.0,1.0,22600.0,1.0,22700.0,1.0,22800.0,1.0,22900.0,1.0,23000.0,1.0,23100.0,1.0,23200.0,1.0,23300.0,1.0,23400.0,1.0
000629.SZ,2020-08-04,09:32:31,22500.0,800.0,17989600.0,22400.0,1.0,22300.0,1.0,22200.0,1.0,22100.0,1,22000.0,1.0,21900.0,1.0,21800.0,1.0,21700.0,1.0,21600.0,1.0,21500.0,1.0,22500.0,1.0,22600.0,1.0,22700.0,1.0,22800.0,1.0,22900.0,1.0,23000.0,1.0,23100.0,1.0,23200.0,1.0,23300.0,1.0,23400.0,1.0
000629.SZ,2020-08-04,09:32:32,22500.0,0.0,0.0,22400.0,1.0,22300.0,1.0,22200.0,1.0,22100.0,1,22000.0,1.0,21900.0,1.0,21800.0,1.0,21700.0,1.0,21600.0,1.0,21500.0,1.0,22500.0,1.0,22600.0,1.0,22700.0,1.0,22800.0,1.0,22900.0,1.0,23000.0,1.0,23100.0,1.0,23200.0,1.0,23300.0,1.0,23400.0,1.0
000629.SZ,2020-08-04,09:32:33,22500.0,400.0,9000000.0,22400.0,1.0,22300.0,1.0,22200.0,1.0,22100.0,1,22000.0,1.0,21900.0,1.0,21800.0,1.0,21700.0,1.0,21600.0,1.0,21500.0,1.0,22500.0,1.0,22600.0,1.0,22700.0,1.0,22800.0,1.0,22900.0,1.0,23000.0,1.0,23100.0,1.0,23200.0,1.0,23300.0,1.0,23400.0,1.0
000629.SZ,2020-08-04,09:32:34,22500.0,0.0,0.0,22400.0,1.0,22300.0,1.0,22200.0,1.0,22100.0,1,22000.0,1.0,21900.0,1.0,21800.0,1.0,21700.0,1.0,21600.0,1.0,21500.0,1.0,22500.0,1.0,22600.0,1.0,22700.0,1.0,22800.0,1.0,22900.0,1.0,23000.0,1.0,23100.0,1.0,23200.0,1.0,23300.0,1.0,23400.0,1.0
000629.SZ,2020-08-04,09:32:35,22500.0,0.0,0.0,22400.0,1.0,22300.0,1.0,22200.0,1.0,22100.0,1,22000.0,1.0,21900.0,1.0,21800.0,1.0,21700.0,1.0,21600.0,1.0,21500.0,1.0,22500.0,1.0,22600.0,1.0,22700.0,1.0,22800.0,1.0,22900.0,1.0,23000.0,1.0,23100.0,1.0,23200.0,1.0,23300.0,1.0,23400.0,1.0
000629.SZ,2020-08-04,09:32:36,22500.0,0.0,0.0,22400.0,1.0,22300.0,1.0,22200.0,1.0,22100.0,1,22000.0,1.0,21900.0,1.0,21800.0,1.0,21700.0,1.0,21600.0,1.0,21500.0,1.0,22500.0,1.0,22600.0,1.0,22700.0,1.0,22800.0,1.0,22900.0,1.0,23000.0,1.0,23100.0,1.0,23200.0,1.0,23300.0,1.0,23400.0,1.0
000629.SZ,2020-08-04,09:32:37,22500.0,0.0,0.0,22400.0,1.0,22300.0,1.0,22200.0,1.0,22100.0,1,22000.0,1.0,21900.0,1.0,21800.0,1.0,21700.0,1.0,21600.0,1.0,21500.0,1.0,22500.0,1.0,22600.0,1.0,22700.0,1.0,22800.0,1.0,22900.0,1.0,23000.0,1.0,23100.0,1.0,23200.0,1.0,23300.0,1.0,23400.0,1.0
000629.SZ,2020-08-04,09:32:38,22500.0,0.0,0.0,22400.0,1.0,22300.0,1.0,22200.0,1.0,22100.0,1,22000.0,1.0,21900.0,1.0,21800.0,1.0,21700.0,1.0,21600.0,1.0,21500.0,1.0,22500.0,1.0,22600.0,1.0,22700.0,1.0,22800.0,1.0,22900.0,1.0,23000.0,1.0,23100.0,1.0,23200.0,1.0,23300.0,1.0,23400.0,1.0
000629.SZ,2020-08-04,09:32:39,22500.0,0.0,0.0,22400.0,1.0,22300.0,1.0,22200.0,1.0,22100.0,1,22000.0,1.0,21900.0,1.0,21800.0,1.0,21700.0,1.0,21600.0,1.0,21500.0,1.0,22500.0,1.0,22600.0,1.0,22700.0,1.0,22800.0,1.0,22900.0,1.0,23000.0,1.0,23100.0,1.0,23200.0,1.0,23300.0,1.0,23400.0,1.0
000629.SZ,2020-08-04,09:32:40,22500.0,0.0,0.0,22400.0,1.0,22300.0,1.0,22200.0,1.0,22100.0,1,22000.0,1.0,21900.0,1.0,21800.0,1.0,21700.0,1.0,21600.0,1.0,21500.0,1.0,22500.0,1.0,22600.0,1.0,22700.0,1.0,22800.0,1.0,22900.0,1.0,23000.0,1.0,23100.0,1.0,23200.0,1.0,23300.0,1.0,23400.0,1.0
000629.SZ,2020-08-04,09:32:41,22500.0,0.0,0.0,22400.0,1.0,22300.0,1.0,22200.0,1.0,22100.0,1,22000.0,1.0,21900.0,1.0,21800.0,1.0,21700.0,1.0,21600.0,1.0,21500.0,1.0,22500.0,1.0,22600.0,1.0,22700.0,1.0,22800.0,1.0,22900.0,1.0,23000.0,1.0,23100.0,1.0,23200.0,1.0,23300.0,1.0,23400.0,1.0
000629.SZ,2020-08-04,09:32:42,22500.0,0.0,0.0,22400.0,1.0,22300.0,1.0,22200.0,1.0,22100.0,1,22000.0,1.0,21900.0,1.0,21800.0,1.0,21700.0,1.0,21600.0,1.0,21500.0,1.0,22500.0,1.0,22600.0,1.0,22700.0,1.0,22800.0,1.0,22900.0,1.0,23000.0,1.0,23100.0,1.0,23200.0,1.0,23300.0,1.0,23400.0,1.0
000629.SZ,2020-08-04,09:32:43,22500.0,0.0,0.0,22400.0,1.0,22300.0,1.0,22200.0,1.0,22100.0,1,22000.0,1.0,21900.0,1.0,21800.0,1.0,21700.0,1.0,21600.0,1.0,21500.0,1.0,22500.0,1.0,22600.0,1.0,22700.0,1.0,22800.0,1.0,22900.0,1.0,23000.0,1.0,23100.0,1.0,23200.0,1.0,23300.0,1.0,23400.0,1.0
000629.SZ,2020-08-04,09:32:44,22500.0,0.0,0.0,22400.0,1.0,22300.0,1.0,22200.0,1.0,22100.0,1,22000.0,1.0,21900.0,1.0,21800.0,1.0,21700.0,1.0,21600.0,1.0,21500.0,1.0,22500.0,1.0,22600.0,1.0,22700.0,1.0,22800.0,1.0,22900.0,1.0,23000.0,1.0,23100.0,1.0,23200.0,1.0,23300.0,1.0,23400.0,1.0
000629.SZ,2020-08-04,09:32:45,22500.0,0.0,0.0,22400.0,1.0,22300.0,1.0,22200.0,1.0,22100.0,1,22000.0,1.0,21900.0,1.0,21800.0,1.0,21700.0,1.0,21600.0,1.0,21500.0,1.0,22500.0,1.0,22600.0,1.0,22700.0,1.0,22800.0,1.0,22900.0,1.0,23000.0,1.0,23100.0,1.0,23200.0,1.0,23300.0,1.0,23400.0,1.0
000629.SZ,2020-08-04,09:32:46,22500.0,1000.0,22400000.0,22400.0,1.0,22300.0,1.0,22200.0,1.0,22100.0,1,22000.0,1.0,21900.0,1.0,21800.0,1.0,21700.0,1.0,21600.0,1.0,21500.0,1.0,22500.0,1.0,22600.0,1.0,22700.0,1.0,22800.0,1.0,22900.0,1.0,23000.0,1.0,23100.0,1.0,23200.0,1.0,23300.0,1.0,23400.0,1.0
000629.SZ,2020-08-04,09:32:47,22400.0,0.0,0.0,22400.0,1.0,22300.0,1.0,22200.0,1.0,22100.0,1,22000.0,1.0,21900.0,1.0,21800.0,1.0,21700.0,1.0,21600.0,1.0,21500.0,1.0,22500.0,1.0,22600.0,1.0,22700.0,1.0,22800.0,1.0,22900.0,1.0,23000.0,1.0,23100.0,1.0,23200.0,1.0,23300.0,1.0,23400.0,1.0
000629.SZ,2020-08-04,09:32:48,22400.0,300.0,6720000.0,22400.0,1.0,22300.0,1.0,22200.0,1.0,22100.0,1,22000.0,1.0,21900.0,1.0,21800.0,1.0,21700.0,1.0,21600.0,1.0,21500.0,1.0,22500.0,1.0,22600.0,1.0,22700.0,1.0,22800.0,1.0,22900.0,1.0,23000.0,1.0,23100.0,1.0,23200.0,1.0,23300.0,1.0,23400.0,1.0
000629.SZ,2020-08-04,09:32:49,22400.0,50000.0,1120000000.0,22400.0,1.0,22300.0,1.0,22200.0,1.0,22100.0,1,22000.0,1.0,21900.0,1.0,21800.0,1.0,21700.0,1.0,21600.0,1.0,21500.0,1.0,22500.0,1.0,22600.0,1.0,22700.0,1.0,22800.0,1.0,22900.0,1.0,23000.0,1.0,23100.0,1.0,23200.0,1.0,23300.0,1.0,23400.0,1.0
000629.SZ,2020-08-04,09:32:50,22400.0,0.0,0.0,22400.0,1.0,22300.0,1.0,22200.0,1.0,22100.0,1,22000.0,1.0,21900.0,1.0,21800.0,1.0,21700.0,1.0,21600.0,1.0,21500.0,1.0,22500.0,1.0,22600.0,1.0,22700.0,1.0,22800.0,1.0,22900.0,1.0,23000.0,1.0,23100.0,1.0,23200.0,1.0,23300.0,1.0,23400.0,1.0
000629.SZ,2020-08-04,09:32:51,22400.0,1000.0,22400000.0,22400.0,1.0,22300.0,1.0,22200.0,1.0,22100.0,1,22000.0,1.0,21900.0,1.0,21800.0,1.0,21700.0,1.0,21600.0,1.0,21500.0,1.0,22500.0,1.0,22600.0,1.0,22700.0,1.0,22800.0,1.0,22900.0,1.0,23000.0,1.0,23100.0,1.0,23200.0,1.0,23300.0,1.0,23400.0,1.0
000629.SZ,2020-08-04,09:32:52,22400.0,0.0,0.0,22400.0,1.0,22300.0,1.0,22200.0,1.0,22100.0,1,22000.0,1.0,21900.0,1.0,21800.0,1.0,21700.0,1.0,21600.0,1.0,21500.0,1.0,22500.0,1.0,22600.0,1.0,22700.0,1.0,22800.0,1.0,22900.0,1.0,23000.0,1.0,23100.0,1.0,23200.0,1.0,23300.0,1.0,23400.0,1.0
000629.SZ,2020-08-04,09:32:53,22400.0,0.0,0.0,22400.0,1.0,22300.0,1.0,22200.0,1.0,22100.0,1,22000.0,1.0,21900.0,1.0,21800.0,1.0,21700.0,1.0,21600.0,1.0,21500.0,1.0,22500.0,1.0,22600.0,1.0,22700.0,1.0,22800.0,1.0,22900.0,1.0,23000.0,1.0,23100.0,1.0,23200.0,1.0,23300.0,1.0,23400.0,1.0
000629.SZ,2020-08-04,09:32:54,22400.0,0.0,0.0,22400.0,1.0,22300.0,1.0,22200.0,1.0,22100.0,1,22000.0,1.0,21900.0,1.0,21800.0,1.0,21700.0,1.0,21600.0,1.0,21500.0,1.0,22500.0,1.0,22600.0,1.0,22700.0,1.0,22800.0,1.0,22900.0,1.0,23000.0,1.0,23100.0,1.0,23200.0,1.0,23300.0,1.0,23400.0,1.0
000629.SZ,2020-08-04,09:32:55,22400.0,0.0,0.0,22400.0,1.0,22300.0,1.0,22200.0,1.0,22100.0,1,22000.0,1.0,21900.0,1.0,21800.0,1.0,21700.0,1.0,21600.0,1.0,21500.0,1.0,22500.0,1.0,22600.0,1.0,22700.0,1.0,22800.0,1.0,22900.0,1.0,23000.0,1.0,23100.0,1.0,23200.0,1.0,23300.0,1.0,23400.0,1.0
000629.SZ,2020-08-04,09:32:56,22400.0,0.0,0.0,22400.0,1.0,22300.0,1.0,22200.0,1.0,22100.0,1,22000.0,1.0,21900.0,1.0,21800.0,1.0,21700.0,1.0,21600.0,1.0,21500.0,1.0,22500.0,1.0,22600.0,1.0,22700.0,1.0,22800.0,1.0,22900.0,1.0,23000.0,1.0,23100.0,1.0,23200.0,1.0,23300.0,1.0,23400.0,1.0
000629.SZ,2020-08-04,09:32:57,22400.0,0.0,0.0,22400.0,1.0,22300.0,1.0,22200.0,1.0,22100.0,1,22000.0,1.0,21900.0,1.0,21800.0,1.0,21700.0,1.0,21600.0,1.0,21500.0,1.0,22500.0,1.0,22600.0,1.0,22700.0,1.0,22800.0,1.0,22900.0,1.0,23000.0,1.0,23100.0,1.0,23200.0,1.0,23300.0,1.0,23400.0,1.0
000629.SZ,2020-08-04,09:32:58,22400.0,0.0,0.0,22400.0,1.0,22300.0,1.0,22200.0,1.0,22100.0,1,22000.0,1.0,21900.0,1.0,21800.0,1.0,21700.0,1.0,21600.0,1.0,21500.0,1.0,22500.0,1.0,22600.0,1.0,22700.0,1.0,22800.0,1.0,22900.0,1.0,23000.0,1.0,23100.0,1.0,23200.0,1.0,23300.0,1.0,23400.0,1.0
000629.SZ,2020-08-04,09:32:59,22400.0,0.0,0.0,22400.0,1.0,22300.0,1.0,22200.0,1.0,22100.0,1,22000.0,1.0,21900.0,1.0,21800.0,1.0,21700.0,1.0,21600.0,1.0,21500.0,1.0,22500.0,1.0,22600.0,1.0,22700.0,1.0,22800.0,1.0,22900.0,1.0,23000.0,1.0,23100.0,1.0,23200.0,1.0,23300.0,1.0,23400.0,1.0
000629.SZ,2020-08-04,09:33:00,22400.0,500.0,11200000.0,22400.0,1.0,22300.0,1.0,22200.0,1.0,22100.0,1,22000.0,1.0,21900.0,1.0,21800.0,1.0,21700.0,1.0,21600.0,1.0,21500.0,1.0,22500.0,1.0,22600.0,1.0,22700.0,1.0,22800.0,1.0,22900.0,1.0,23000.0,1.0,23100.0,1.0,23200.0,1.0,23300.0,1.0,23400.0,1.0
000629.SZ,2020-08-04,09:33:01,22400.0,100.0,2250000.0,22400.0,1.0,22300.0,1.0,22200.0,1.0,22100.0,1,22000.0,1.0,21900.0,1.0,21800.0,1.0,21700.0,1.0,21600.0,1.0,21500.0,1.0,22500.0,1.0,22600.0,1.0,22700.0,1.0,22800.0,1.0,22900.0,1.0,23000.0,1.0,23100.0,1.0,23200.0,1.0,23300.0,1.0,23400.0,1.0
000629.SZ,2020-08-04,09:33:02,22500.0,0.0,0.0,22400.0,1.0,22300.0,1.0,22200.0,1.0,22100.0,1,22000.0,1.0,21900.0,1.0,21800.0,1.0,21700.0,1.0,21600.0,1.0,21500.0,1.0,22500.0,1.0,22600.0,1.0,22700.0,1.0,22800.0,1.0,22900.0,1.0,23000.0,1.0,23100.0,1.0,23200.0,1.0,23300.0,1.0,23400.0,1.0
000629.SZ,2020-08-04,09:33:03,22500.0,0.0,0.0,22400.0,1.0,22300.0,1.0,22200.0,1.0,22100.0,1,22000.0,1.0,21900.0,1.0,21800.0,1.0,21700.0,1.0,21600.0,1.0,21500.0,1.0,22500.0,1.0,22600.0,1.0,22700.0,1.0,22800.0,1.0,22900.0,1.0,23000.0,1.0,23100.0,1.0,23200.0,1.0,23300.0,1.0,23400.0,1.0
000629.SZ,2020-08-04,09:33:04,22500.0,0.0,0.0,22400.0,1.0,22300.0,1.0,22200.0,1.0,22100.0,1,22000.0,1.0,21900.0,1.0,21800.0,1.0,21700.0,1.0,21600.0,1.0,21500.0,1.0,22500.0,1.0,22600.0,1.0,22700.0,1.0,22800.0,1.0,22900.0,1.0,23000.0,1.0,23100.0,1.0,23200.0,1.0,23300.0,1.0,23400.0,1.0
000629.SZ,2020-08-04,09:33:05,22500.0,0.0,0.0,22400.0,1.0,22300.0,1.0,22200.0,1.0,22100.0,1,22000.0,1.0,21900.0,1.0,21800.0,1.0,21700.0,1.0,21600.0,1.0,21500.0,1.0,22500.0,1.0,22600.0,1.0,22700.0,1.0,22800.0,1.0,22900.0,1.0,23000.0,1.0,23100.0,1.0,23200.0,1.0,23300.0,1.0,23400.0,1.0
000629.SZ,2020-08-04,09:33:06,22500.0,1000.0,22400000.0,22400.0,1.0,22300.0,1.0,22200.0,1.0,22100.0,1,22000.0,1.0,21900.0,1.0,21800.0,1.0,21700.0,1.0,21600.0,1.0,21500.0,1.0,22500.0,1.0,22600.0,1.0,22700.0,1.0,22800.0,1.0,22900.0,1.0,23000.0,1.0,23100.0,1.0,23200.0,1.0,23300.0,1.0,23400.0,1.0
000629.SZ,2020-08-04,09:33:07,22400.0,0.0,0.0,22400.0,1.0,22300.0,1.0,22200.0,1.0,22100.0,1,22000.0,1.0,21900.0,1.0,21800.0,1.0,21700.0,1.0,21600.0,1.0,21500.0,1.0,22500.0,1.0,22600.0,1.0,22700.0,1.0,22800.0,1.0,22900.0,1.0,23000.0,1.0,23100.0,1.0,23200.0,1.0,23300.0,1.0,23400.0,1.0
000629.SZ,2020-08-04,09:33:08,22400.0,0.0,0.0,22400.0,1.0,22300.0,1.0,22200.0,1.0,22100.0,1,22000.0,1.0,21900.0,1.0,21800.0,1.0,21700.0,1.0,21600.0,1.0,21500.0,1.0,22500.0,1.0,22600.0,1.0,22700.0,1.0,22800.0,1.0,22900.0,1.0,23000.0,1.0,23100.0,1.0,23200.0,1.0,23300.0,1.0,23400.0,1.0
000629.SZ,2020-08-04,09:33:09,22400.0,1900.0,42698700.0,22400.0,1.0,22300.0,1.0,22200.0,1.0,22100.0,1,22000.0,1.0,21900.0,1.0,21800.0,1.0,21700.0,1.0,21600.0,1.0,21500.0,1.0,22500.0,1.0,22600.0,1.0,22700.0,1.0,22800.0,1.0,22900.0,1.0,23000.0,1.0,23100.0,1.0,23200.0,1.0,23300.0,1.0,23400.0,1.0
000629.SZ,2020-08-04,09:33:10,22400.0,0.0,0.0,22400.0,1.0,22300.0,1.0,22200.0,1.0,22100.0,1,22000.0,1.0,21900.0,1.0,21800.0,1.0,21700.0,1.0,21600.0,1.0,21500.0,1.0,22500.0,1.0,22600.0,1.0,22700.0,1.0,22800.0,1.0,22900.0,1.0,23000.0,1.0,23100.0,1.0,23200.0,1.0,23300.0,1.0,23400.0,1.0
000629.SZ,2020-08-04,09:33:11,22400.0,0.0,0.0,22400.0,1.0,22300.0,1.0,22200.0,1.0,22100.0,1,22000.0,1.0,21900.0,1.0,21800.0,1.0,21700.0,1.0,21600.0,1.0,21500.0,1.0,22500.0,1.0,22600.0,1.0,22700.0,1.0,22800.0,1.0,22900.0,1.0,23000.0,1.0,23100.0,1.0,23200.0,1.0,23300.0,1.0,23400.0,1.0
000629.SZ,2020-08-04,09:33:12,22400.0,200.0,4500000.0,22400.0,1.0,22300.0,1.0,22200.0,1.0,22100.0,1,22000.0,1.0,21900.0,1.0,21800.0,1.0,21700.0,1.0,21600.0,1.0,21500.0,1.0,22500.0,1.0,22600.0,1.0,22700.0,1.0,22800.0,1.0,22900.0,1.0,23000.0,1.0,23100.0,1.0,23200.0,1.0,23300.0,1.0,23400.0,1.0
000629.SZ,2020-08-04,09:33:13,22500.0,10500.0,236250000.0,22400.0,1.0,22300.0,1.0,22200.0,1.0,22100.0,1,22000.0,1.0,21900.0,1.0,21800.0,1.0,21700.0,1.0,21600.0,1.0,21500.0,1.0,22500.0,1.0,22600.0,1.0,22700.0,1.0,22800.0,1.0,22900.0,1.0,23000.0,1.0,23100.0,1.0,23200.0,1.0,23300.0,1.0,23400.0,1.0
000629.SZ,2020-08-04,09:33:14,22500.0,300.0,6750000.0,22400.0,1.0,22300.0,1.0,22200.0,1.0,22100.0,1,22000.0,1.0,21900.0,1.0,21800.0,1.0,21700.0,1.0,21600.0,1.0,21500.0,1.0,22500.0,1.0,22600.0,1.0,22700.0,1.0,22800.0,1.0,22900.0,1.0,23000.0,1.0,23100.0,1.0,23200.0,1.0,23300.0,1.0,23400.0,1.0
000629.SZ,2020-08-04,09:33:15,22500.0,19000.0,427500000.0,22400.0,1.0,22300.0,1.0,22200.0,1.0,22100.0,1,22000.0,1.0,21900.0,1.0,21800.0,1.0,21700.0,1.0,21600.0,1.0,21500.0,1.0,22500.0,1.0,22600.0,1.0,22700.0,1.0,22800.0,1.0,22900.0,1.0,23000.0,1.0,23100.0,1.0,23200.0,1.0,23300.0,1.0,23400.0,1.0
000629.SZ,2020-08-04,09:33:16,22500.0,5600.0,125445600.0,22400.0,1.0,22300.0,1.0,22200.0,1.0,22100.0,1,22000.0,1.0,21900.0,1.0,21800.0,1.0,21700.0,1.0,21600.0,1.0,21500.0,1.0,22500.0,1.0,22600.0,1.0,22700.0,1.0,22800.0,1.0,22900.0,1.0,23000.0,1.0,23100.0,1.0,23200.0,1.0,23300.0,1.0,23400.0,1.0
000629.SZ,2020-08-04,09:33:17,22400.0,1500.0,33750000.0,22400.0,1.0,22300.0,1.0,22200.0,1.0,22100.0,1,22000.0,1.0,21900.0,1.0,21800.0,1.0,21700.0,1.0,21600.0,1.0,21500.0,1.0,22500.0,1.0,22600.0,1.0,22700.0,1.0,22800.0,1.0,22900.0,1.0,23000.0,1.0,23100.0,1.0,23200.0,1.0,23300.0,1.0,23400.0,1.0
000629.SZ,2020-08-04,09:33:18,22500.0,0.0,0.0,22400.0,1.0,22300.0,1.0,22200.0,1.0,22100.0,1,22000.0,1.0,21900.0,1.0,21800.0,1.0,21700.0,1.0,21600.0,1.0,21500.0,1.0,22500.0,1.0,22600.0,1.0,22700.0,1.0,22800.0,1.0,22900.0,1.0,23000.0,1.0,23100.0,1.0,23200.0,1.0,23300.0,1.0,23400.0,1.0
000629.SZ,2020-08-04,09:33:19,22500.0,4200.0,94500000.0,22400.0,1.0,22300.0,1.0,22200.0,1.0,22100.0,1,22000.0,1.0,21900.0,1.0,21800.0,1.0,21700.0,1.0,21600.0,1.0,21500.0,1.0,22500.0,1.0,22600.0,1.0,22700.0,1.0,22800.0,1.0,22900.0,1.0,23000.0,1.0,23100.0,1.0,23200.0,1.0,23300.0,1.0,23400.0,1.0
000629.SZ,2020-08-04,09:33:20,22500.0,0.0,0.0,22400.0,1.0,22300.0,1.0,22200.0,1.0,22100.0,1,22000.0,1.0,21900.0,1.0,21800.0,1.0,21700.0,1.0,21600.0,1.0,21500.0,1.0,22500.0,1.0,22600.0,1.0,22700.0,1.0,22800.0,1.0,22900.0,1.0,23000.0,1.0,23100.0,1.0,23200.0,1.0,23300.0,1.0,23400.0,1.0
000629.SZ,2020-08-04,09:33:21,22500.0,1000.0,22400000.0,22400.0,1.0,22300.0,1.0,22200.0,1.0,22100.0,1,22000.0,1.0,21900.0,1.0,21800.0,1.0,21700.0,1.0,21600.0,1.0,21500.0,1.0,22500.0,1.0,22600.0,1.0,22700.0,1.0,22800.0,1.0,22900.0,1.0,23000.0,1.0,23100.0,1.0,23200.0,1.0,23300.0,1.0,23400.0,1.0
000629.SZ,2020-08-04,09:33:22,22400.0,0.0,0.0,22400.0,1.0,22300.0,1.0,22200.0,1.0,22100.0,1,22000.0,1.0,21900.0,1.0,21800.0,1.0,21700.0,1.0,21600.0,1.0,21500.0,1.0,22500.0,1.0,22600.0,1.0,22700.0,1.0,22800.0,1.0,22900.0,1.0,23000.0,1.0,23100.0,1.0,23200.0,1.0,23300.0,1.0,23400.0,1.0
000629.SZ,2020-08-04,09:33:23,22400.0,5300.0,118720000.0,22400.0,1.0,22300.0,1.0,22200.0,1.0,22100.0,1,22000.0,1.0,21900.0,1.0,21800.0,1.0,21700.0,1.0,21600.0,1.0,21500.0,1.0,22500.0,1.0,22600.0,1.0,22700.0,1.0,22800.0,1.0,22900.0,1.0,23000.0,1.0,23100.0,1.0,23200.0,1.0,23300.0,1.0,23400.0,1.0
000629.SZ,2020-08-04,09:33:24,22400.0,0.0,0.0,22400.0,1.0,22300.0,1.0,22200.0,1.0,22100.0,1,22000.0,1.0,21900.0,1.0,21800.0,1.0,21700.0,1.0,21600.0,1.0,21500.0,1.0,22500.0,1.0,22600.0,1.0,22700.0,1.0,22800.0,1.0,22900.0,1.0,23000.0,1.0,23100.0,1.0,23200.0,1.0,23300.0,1.0,23400.0,1.0
000629.SZ,2020-08-04,09:33:25,22400.0,135100.0,3026240000.0,22400.0,1.0,22300.0,1.0,22200.0,1.0,22100.0,1,22000.0,1.0,21900.0,1.0,21800.0,1.0,21700.0,1.0,21600.0,1.0,21500.0,1.0,22500.0,1.0,22600.0,1.0,22700.0,1.0,22800.0,1.0,22900.0,1.0,23000.0,1.0,23100.0,1.0,23200.0,1.0,23300.0,1.0,23400.0,1.0
000629.SZ,2020-08-04,09:33:26,22400.0,0.0,0.0,22400.0,1.0,22300.0,1.0,22200.0,1.0,22100.0,1,22000.0,1.0,21900.0,1.0,21800.0,1.0,21700.0,1.0,21600.0,1.0,21500.0,1.0,22500.0,1.0,22600.0,1.0,22700.0,1.0,22800.0,1.0,22900.0,1.0,23000.0,1.0,23100.0,1.0,23200.0,1.0,23300.0,1.0,23400.0,1.0
000629.SZ,2020-08-04,09:33:27,22400.0,0.0,0.0,22400.0,1.0,22300.0,1.0,22200.0,1.0,22100.0,1,22000.0,1.0,21900.0,1.0,21800.0,1.0,21700.0,1.0,21600.0,1.0,21500.0,1.0,22500.0,1.0,22600.0,1.0,22700.0,1.0,22800.0,1.0,22900.0,1.0,23000.0,1.0,23100.0,1.0,23200.0,1.0,23300.0,1.0,23400.0,1.0
000629.SZ,2020-08-04,09:33:28,22400.0,0.0,0.0,22400.0,1.0,22300.0,1.0,22200.0,1.0,22100.0,1,22000.0,1.0,21900.0,1.0,21800.0,1.0,21700.0,1.0,21600.0,1.0,21500.0,1.0,22500.0,1.0,22600.0,1.0,22700.0,1.0,22800.0,1.0,22900.0,1.0,23000.0,1.0,23100.0,1.0,23200.0,1.0,23300.0,1.0,23400.0,1.0
000629.SZ,2020-08-04,09:33:29,22400.0,0.0,0.0,22400.0,1.0,22300.0,1.0,22200.0,1.0,22100.0,1,22000.0,1.0,21900.0,1.0,21800.0,1.0,21700.0,1.0,21600.0,1.0,21500.0,1.0,22500.0,1.0,22600.0,1.0,22700.0,1.0,22800.0,1.0,22900.0,1.0,23000.0,1.0,23100.0,1.0,23200.0,1.0,23300.0,1.0,23400.0,1.0
000629.SZ,2020-08-04,09:33:30,22400.0,100.0,2240000.0,22400.0,1.0,22300.0,1.0,22200.0,1.0,22100.0,1,22000.0,1.0,21900.0,1.0,21800.0,1.0,21700.0,1.0,21600.0,1.0,21500.0,1.0,22500.0,1.0,22600.0,1.0,22700.0,1.0,22800.0,1.0,22900.0,1.0,23000.0,1.0,23100.0,1.0,23200.0,1.0,23300.0,1.0,23400.0,1.0
000629.SZ,2020-08-04,09:33:31,22400.0,300.0,6720000.0,22400.0,1.0,22300.0,1.0,22200.0,1.0,22100.0,1,22000.0,1.0,21900.0,1.0,21800.0,1.0,21700.0,1.0,21600.0,1.0,21500.0,1.0,22500.0,1.0,22600.0,1.0,22700.0,1.0,22800.0,1.0,22900.0,1.0,23000.0,1.0,23100.0,1.0,23200.0,1.0,23300.0,1.0,23400.0,1.0
000629.SZ,2020-08-04,09:33:32,22400.0,0.0,0.0,22400.0,1.0,22300.0,1.0,22200.0,1.0,22100.0,1,22000.0,1.0,21900.0,1.0,21800.0,1.0,21700.0,1.0,21600.0,1.0,21500.0,1.0,22500.0,1.0,22600.0,1.0,22700.0,1.0,22800.0,1.0,22900.0,1.0,23000.0,1.0,23100.0,1.0,23200.0,1.0,23300.0,1.0,23400.0,1.0
000629.SZ,2020-08-04,09:33:33,22400.0,400.0,9000000.0,22400.0,1.0,22300.0,1.0,22200.0,1.0,22100.0,1,22000.0,1.0,21900.0,1.0,21800.0,1.0,21700.0,1.0,21600.0,1.0,21500.0,1.0,22500.0,1.0,22600.0,1.0,22700.0,1.0,22800.0,1.0,22900.0,1.0,23000.0,1.0,23100.0,1.0,23200.0,1.0,23300.0,1.0,23400.0,1.0
000629.SZ,2020-08-04,09:33:34,22500.0,0.0,0.0,22400.0,1.0,22300.0,1.0,22200.0,1.0,22100.0,1,22000.0,1.0,21900.0,1.0,21800.0,1.0,21700.0,1.0,21600.0,1.0,21500.0,1.0,22500.0,1.0,22600.0,1.0,22700.0,1.0,22800.0,1.0,22900.0,1.0,23000.0,1.0,23100.0,1.0,23200.0,1.0,23300.0,1.0,23400.0,1.0
000629.SZ,2020-08-04,09:33:35,22500.0,0.0,0.0,22400.0,1.0,22300.0,1.0,22200.0,1.0,22100.0,1,22000.0,1.0,21900.0,1.0,21800.0,1.0,21700.0,1.0,21600.0,1.0,21500.0,1.0,22500.0,1.0,22600.0,1.0,22700.0,1.0,22800.0,1.0,22900.0,1.0,23000.0,1.0,23100.0,1.0,23200.0,1.0,23300.0,1.0,23400.0,1.0
000629.SZ,2020-08-04,09:33:36,22500.0,4000.0,90000000.0,22400.0,1.0,22300.0,1.0,22200.0,1.0,22100.0,1,22000.0,1.0,21900.0,1.0,21800.0,1.0,21700.0,1.0,21600.0,1.0,21500.0,1.0,22500.0,1.0,22600.0,1.0,22700.0,1.0,22800.0,1.0,22900.0,1.0,23000.0,1.0,23100.0,1.0,23200.0,1.0,23300.0,1.0,23400.0,1.0
000629.SZ,2020-08-04,09:33:37,22500.0,0.0,0.0,22400.0,1.0,22300.0,1.0,22200.0,1.0,22100.0,1,22000.0,1.0,21900.0,1.0,21800.0,1.0,21700.0,1.0,21600.0,1.0,21500.0,1.0,22500.0,1.0,22600.0,1.0,22700.0,1.0,22800.0,1.0,22900.0,1.0,23000.0,1.0,23100.0,1.0,23200.0,1.0,23300.0,1.0,23400.0,1.0
000629.SZ,2020-08-04,09:33:38,22500.0,0.0,0.0,22400.0,1.0,22300.0,1.0,22200.0,1.0,22100.0,1,22000.0,1.0,21900.0,1.0,21800.0,1.0,21700.0,1.0,21600.0,1.0,21500.0,1.0,22500.0,1.0,22600.0,1.0,22700.0,1.0,22800.0,1.0,22900.0,1.0,23000.0,1.0,23100.0,1.0,23200.0,1.0,23300.0,1.0,23400.0,1.0
000629.SZ,2020-08-04,09:33:39,22500.0,0.0,0.0,22400.0,1.0,22300.0,1.0,22200.0,1.0,22100.0,1,22000.0,1.0,21900.0,1.0,21800.0,1.0,21700.0,1.0,21600.0,1.0,21500.0,1.0,22500.0,1.0,22600.0,1.0,22700.0,1.0,22800.0,1.0,22900.0,1.0,23000.0,1.0,23100.0,1.0,23200.0,1.0,23300.0,1.0,23400.0,1.0
000629.SZ,2020-08-04,09:33:40,22500.0,0.0,0.0,22400.0,1.0,22300.0,1.0,22200.0,1.0,22100.0,1,22000.0,1.0,21900.0,1.0,21800.0,1.0,21700.0,1.0,21600.0,1.0,21500.0,1.0,22500.0,1.0,22600.0,1.0,22700.0,1.0,22800.0,1.0,22900.0,1.0,23000.0,1.0,23100.0,1.0,23200.0,1.0,23300.0,1.0,23400.0,1.0
000629.SZ,2020-08-04,09:33:41,22500.0,0.0,0.0,22400.0,1.0,22300.0,1.0,22200.0,1.0,22100.0,1,22000.0,1.0,21900.0,1.0,21800.0,1.0,21700.0,1.0,21600.0,1.0,21500.0,1.0,22500.0,1.0,22600.0,1.0,22700.0,1.0,22800.0,1.0,22900.0,1.0,23000.0,1.0,23100.0,1.0,23200.0,1.0,23300.0,1.0,23400.0,1.0
000629.SZ,2020-08-04,09:33:42,22500.0,0.0,0.0,22400.0,1.0,22300.0,1.0,22200.0,1.0,22100.0,1,22000.0,1.0,21900.0,1.0,21800.0,1.0,21700.0,1.0,21600.0,1.0,21500.0,1.0,22500.0,1.0,22600.0,1.0,22700.0,1.0,22800.0,1.0,22900.0,1.0,23000.0,1.0,23100.0,1.0,23200.0,1.0,23300.0,1.0,23400.0,1.0
000629.SZ,2020-08-04,09:33:43,22500.0,400.0,8990000.0,22400.0,1.0,22300.0,1.0,22200.0,1.0,22100.0,1,22000.0,1.0,21900.0,1.0,21800.0,1.0,21700.0,1.0,21600.0,1.0,21500.0,1.0,22500.0,1.0,22600.0,1.0,22700.0,1.0,22800.0,1.0,22900.0,1.0,23000.0,1.0,23100.0,1.0,23200.0,1.0,23300.0,1.0,23400.0,1.0
000629.SZ,2020-08-04,09:33:44,22400.0,0.0,0.0,22400.0,1.0,22300.0,1.0,22200.0,1.0,22100.0,1,22000.0,1.0,21900.0,1.0,21800.0,1.0,21700.0,1.0,21600.0,1.0,21500.0,1.0,22500.0,1.0,22600.0,1.0,22700.0,1.0,22800.0,1.0,22900.0,1.0,23000.0,1.0,23100.0,1.0,23200.0,1.0,23300.0,1.0,23400.0,1.0
000629.SZ,2020-08-04,09:33:45,22400.0,0.0,0.0,22400.0,1.0,22300.0,1.0,22200.0,1.0,22100.0,1,22000.0,1.0,21900.0,1.0,21800.0,1.0,21700.0,1.0,21600.0,1.0,21500.0,1.0,22500.0,1.0,22600.0,1.0,22700.0,1.0,22800.0,1.0,22900.0,1.0,23000.0,1.0,23100.0,1.0,23200.0,1.0,23300.0,1.0,23400.0,1.0
000629.SZ,2020-08-04,09:33:46,22400.0,0.0,0.0,22400.0,1.0,22300.0,1.0,22200.0,1.0,22100.0,1,22000.0,1.0,21900.0,1.0,21800.0,1.0,21700.0,1.0,21600.0,1.0,21500.0,1.0,22500.0,1.0,22600.0,1.0,22700.0,1.0,22800.0,1.0,22900.0,1.0,23000.0,1.0,23100.0,1.0,23200.0,1.0,23300.0,1.0,23400.0,1.0
000629.SZ,2020-08-04,09:33:47,22400.0,100.0,2240000.0,22400.0,1.0,22300.0,1.0,22200.0,1.0,22100.0,1,22000.0,1.0,21900.0,1.0,21800.0,1.0,21700.0,1.0,21600.0,1.0,21500.0,1.0,22500.0,1.0,22600.0,1.0,22700.0,1.0,22800.0,1.0,22900.0,1.0,23000.0,1.0,23100.0,1.0,23200.0,1.0,23300.0,1.0,23400.0,1.0
000629.SZ,2020-08-04,09:33:48,22400.0,1300.0,29120000.0,22400.0,1.0,22300.0,1.0,22200.0,1.0,22100.0,1,22000.0,1.0,21900.0,1.0,21800.0,1.0,21700.0,1.0,21600.0,1.0,21500.0,1.0,22500.0,1.0,22600.0,1.0,22700.0,1.0,22800.0,1.0,22900.0,1.0,23000.0,1.0,23100.0,1.0,23200.0,1.0,23300.0,1.0,23400.0,1.0
000629.SZ,2020-08-04,09:33:49,22400.0,0.0,0.0,22400.0,1.0,22300.0,1.0,22200.0,1.0,22100.0,1,22000.0,1.0,21900.0,1.0,21800.0,1.0,21700.0,1.0,21600.0,1.0,21500.0,1.0,22500.0,1.0,22600.0,1.0,22700.0,1.0,22800.0,1.0,22900.0,1.0,23000.0,1.0,23100.0,1.0,23200.0,1.0,23300.0,1.0,23400.0,1.0
000629.SZ,2020-08-04,09:33:50,22400.0,0.0,0.0,22400.0,1.0,22300.0,1.0,22200.0,1.0,22100.0,1,22000.0,1.0,21900.0,1.0,21800.0,1.0,21700.0,1.0,21600.0,1.0,21500.0,1.0,22500.0,1.0,22600.0,1.0,22700.0,1.0,22800.0,1.0,22900.0,1.0,23000.0,1.0,23100.0,1.0,23200.0,1.0,23300.0,1.0,23400.0,1.0
000629.SZ,2020-08-04,09:33:51,22400.0,0.0,0.0,22400.0,1.0,22300.0,1.0,22200.0,1.0,22100.0,1,22000.0,1.0,21900.0,1.0,21800.0,1.0,21700.0,1.0,21600.0,1.0,21500.0,1.0,22500.0,1.0,22600.0,1.0,22700.0,1.0,22800.0,1.0,22900.0,1.0,23000.0,1.0,23100.0,1.0,23200.0,1.0,23300.0,1.0,23400.0,1.0
000629.SZ,2020-08-04,09:33:52,22400.0,141600.0,3176796000.0,22400.0,1.0,22300.0,1.0,22200.0,1.0,22100.0,1,22000.0,1.0,21900.0,1.0,21800.0,1.0,21700.0,1.0,21600.0,1.0,21500.0,1.0,22500.0,1.0,22600.0,1.0,22700.0,1.0,22800.0,1.0,22900.0,1.0,23000.0,1.0,23100.0,1.0,23200.0,1.0,23300.0,1.0,23400.0,1.0
000629.SZ,2020-08-04,09:33:53,22500.0,11300.0,253120000.0,22400.0,1.0,22300.0,1.0,22200.0,1.0,22100.0,1,22000.0,1.0,21900.0,1.0,21800.0,1.0,21700.0,1.0,21600.0,1.0,21500.0,1.0,22500.0,1.0,22600.0,1.0,22700.0,1.0,22800.0,1.0,22900.0,1.0,23000.0,1.0,23100.0,1.0,23200.0,1.0,23300.0,1.0,23400.0,1.0
000629.SZ,2020-08-04,09:33:54,22400.0,2000.0,44800000.0,22400.0,1.0,22300.0,1.0,22200.0,1.0,22100.0,1,22000.0,1.0,21900.0,1.0,21800.0,1.0,21700.0,1.0,21600.0,1.0,21500.0,1.0,22500.0,1.0,22600.0,1.0,22700.0,1.0,22800.0,1.0,22900.0,1.0,23000.0,1.0,23100.0,1.0,23200.0,1.0,23300.0,1.0,23400.0,1.0
000629.SZ,2020-08-04,09:33:55,22400.0,0.0,0.0,22400.0,1.0,22300.0,1.0,22200.0,1.0,22100.0,1,22000.0,1.0,21900.0,1.0,21800.0,1.0,21700.0,1.0,21600.0,1.0,21500.0,1.0,22500.0,1.0,22600.0,1.0,22700.0,1.0,22800.0,1.0,22900.0,1.0,23000.0,1.0,23100.0,1.0,23200.0,1.0,23300.0,1.0,23400.0,1.0
000629.SZ,2020-08-04,09:33:56,22400.0,0.0,0.0,22400.0,1.0,22300.0,1.0,22200.0,1.0,22100.0,1,22000.0,1.0,21900.0,1.0,21800.0,1.0,21700.0,1.0,21600.0,1.0,21500.0,1.0,22500.0,1.0,22600.0,1.0,22700.0,1.0,22800.0,1.0,22900.0,1.0,23000.0,1.0,23100.0,1.0,23200.0,1.0,23300.0,1.0,23400.0,1.0
000629.SZ,2020-08-04,09:33:57,22400.0,0.0,0.0,22400.0,1.0,22300.0,1.0,22200.0,1.0,22100.0,1,22000.0,1.0,21900.0,1.0,21800.0,1.0,21700.0,1.0,21600.0,1.0,21500.0,1.0,22500.0,1.0,22600.0,1.0,22700.0,1.0,22800.0,1.0,22900.0,1.0,23000.0,1.0,23100.0,1.0,23200.0,1.0,23300.0,1.0,23400.0,1.0
000629.SZ,2020-08-04,09:33:58,22400.0,0.0,0.0,22400.0,1.0,22300.0,1.0,22200.0,1.0,22100.0,1,22000.0,1.0,21900.0,1.0,21800.0,1.0,21700.0,1.0,21600.0,1.0,21500.0,1.0,22500.0,1.0,22600.0,1.0,22700.0,1.0,22800.0,1.0,22900.0,1.0,23000.0,1.0,23100.0,1.0,23200.0,1.0,23300.0,1.0,23400.0,1.0
000629.SZ,2020-08-04,09:33:59,22400.0,0.0,0.0,22400.0,1.0,22300.0,1.0,22200.0,1.0,22100.0,1,22000.0,1.0,21900.0,1.0,21800.0,1.0,21700.0,1.0,21600.0,1.0,21500.0,1.0,22500.0,1.0,22600.0,1.0,22700.0,1.0,22800.0,1.0,22900.0,1.0,23000.0,1.0,23100.0,1.0,23200.0,1.0,23300.0,1.0,23400.0,1.0
000629.SZ,2020-08-04,09:34:00,22400.0,0.0,0.0,22400.0,1.0,22300.0,1.0,22200.0,1.0,22100.0,1,22000.0,1.0,21900.0,1.0,21800.0,1.0,21700.0,1.0,21600.0,1.0,21500.0,1.0,22500.0,1.0,22600.0,1.0,22700.0,1.0,22800.0,1.0,22900.0,1.0,23000.0,1.0,23100.0,1.0,23200.0,1.0,23300.0,1.0,23400.0,1.0
000629.SZ,2020-08-04,09:34:01,22400.0,6300.0,141120000.0,22400.0,1.0,22300.0,1.0,22200.0,1.0,22100.0,1,22000.0,1.0,21900.0,1.0,21800.0,1.0,21700.0,1.0,21600.0,1.0,21500.0,1.0,22500.0,1.0,22600.0,1.0,22700.0,1.0,22800.0,1.0,22900.0,1.0,23000.0,1.0,23100.0,1.0,23200.0,1.0,23300.0,1.0,23400.0,1.0
000629.SZ,2020-08-04,09:34:02,22400.0,300.0,6720000.0,22400.0,1.0,22300.0,1.0,22200.0,1.0,22100.0,1,22000.0,1.0,21900.0,1.0,21800.0,1.0,21700.0,1.0,21600.0,1.0,21500.0,1.0,22500.0,1.0,22600.0,1.0,22700.0,1.0,22800.0,1.0,22900.0,1.0,23000.0,1.0,23100.0,1.0,23200.0,1.0,23300.0,1.0,23400.0,1.0
000629.SZ,2020-08-04,09:34:03,22400.0,12700.0,284480000.0,22400.0,1.0,22300.0,1.0,22200.0,1.0,22100.0,1,22000.0,1.0,21900.0,1.0,21800.0,1.0,21700.0,1.0,21600.0,1.0,21500.0,1.0,22500.0,1.0,22600.0,1.0,22700.0,1.0,22800.0,1.0,22900.0,1.0,23000.0,1.0,23100.0,1.0,23200.0,1.0,23300.0,1.0,23400.0,1.0
000629.SZ,2020-08-04,09:34:04,22400.0,0.0,0.0,22400.0,1.0,22300.0,1.0,22200.0,1.0,22100.0,1,22000.0,1.0,21900.0,1.0,21800.0,1.0,21700.0,1.0,21600.0,1.0,21500.0,1.0,22500.0,1.0,22600.0,1.0,22700.0,1.0,22800.0,1.0,22900.0,1.0,23000.0,1.0,23100.0,1.0,23200.0,1.0,23300.0,1.0,23400.0,1.0
000629.SZ,2020-08-04,09:34:05,22400.0,200.0,4480000.0,22400.0,1.0,22300.0,1.0,22200.0,1.0,22100.0,1,22000.0,1.0,21900.0,1.0,21800.0,1.0,21700.0,1.0,21600.0,1.0,21500.0,1.0,22500.0,1.0,22600.0,1.0,22700.0,1.0,22800.0,1.0,22900.0,1.0,23000.0,1.0,23100.0,1.0,23200.0,1.0,23300.0,1.0,23400.0,1.0
000629.SZ,2020-08-04,09:34:06,22400.0,0.0,0.0,22400.0,1.0,22300.0,1.0,22200.0,1.0,22100.0,1,22000.0,1.0,21900.0,1.0,21800.0,1.0,21700.0,1.0,21600.0,1.0,21500.0,1.0,22500.0,1.0,22600.0,1.0,22700.0,1.0,22800.0,1.0,22900.0,1.0,23000.0,1.0,23100.0,1.0,23200.0,1.0,23300.0,1.0,23400.0,1.0
000629.SZ,2020-08-04,09:34:07,22400.0,400.0,9000000.0,22400.0,1.0,22300.0,1.0,22200.0,1.0,22100.0,1,22000.0,1.0,21900.0,1.0,21800.0,1.0,21700.0,1.0,21600.0,1.0,21500.0,1.0,22500.0,1.0,22600.0,1.0,22700.0,1.0,22800.0,1.0,22900.0,1.0,23000.0,1.0,23100.0,1.0,23200.0,1.0,23300.0,1.0,23400.0,1.0
000629.SZ,2020-08-04,09:34:08,22500.0,1800.0,40500000.0,22400.0,1.0,22300.0,1.0,22200.0,1.0,22100.0,1,22000.0,1.0,21900.0,1.0,21800.0,1.0,21700.0,1.0,21600.0,1.0,21500.0,1.0,22500.0,1.0,22600.0,1.0,22700.0,1.0,22800.0,1.0,22900.0,1.0,23000.0,1.0,23100.0,1.0,23200.0,1.0,23300.0,1.0,23400.0,1.0
000629.SZ,2020-08-04,09:34:09,22500.0,4200.0,94080000.0,22400.0,1.0,22300.0,1.0,22200.0,1.0,22100.0,1,22000.0,1.0,21900.0,1.0,21800.0,1.0,21700.0,1.0,21600.0,1.0,21500.0,1.0,22500.0,1.0,22600.0,1.0,22700.0,1.0,22800.0,1.0,22900.0,1.0,23000.0,1.0,23100.0,1.0,23200.0,1.0,23300.0,1.0,23400.0,1.0
000629.SZ,2020-08-04,09:34:10,22400.0,0.0,0.0,22400.0,1.0,22300.0,1.0,22200.0,1.0,22100.0,1,22000.0,1.0,21900.0,1.0,21800.0,1.0,21700.0,1.0,21600.0,1.0,21500.0,1.0,22500.0,1.0,22600.0,1.0,22700.0,1.0,22800.0,1.0,22900.0,1.0,23000.0,1.0,23100.0,1.0,23200.0,1.0,23300.0,1.0,23400.0,1.0
000629.SZ,2020-08-04,09:34:11,22400.0,19800.0,443520000.0,22400.0,1.0,22300.0,1.0,22200.0,1.0,22100.0,1,22000.0,1.0,21900.0,1.0,21800.0,1.0,21700.0,1.0,21600.0,1.0,21500.0,1.0,22500.0,1.0,22600.0,1.0,22700.0,1.0,22800.0,1.0,22900.0,1.0,23000.0,1.0,23100.0,1.0,23200.0,1.0,23300.0,1.0,23400.0,1.0
000629.SZ,2020-08-04,09:34:12,22400.0,8300.0,186750000.0,22400.0,1.0,22300.0,1.0,22200.0,1.0,22100.0,1,22000.0,1.0,21900.0,1.0,21800.0,1.0,21700.0,1.0,21600.0,1.0,21500.0,1.0,22500.0,1.0,22600.0,1.0,22700.0,1.0,22800.0,1.0,22900.0,1.0,23000.0,1.0,23100.0,1.0,23200.0,1.0,23300.0,1.0,23400.0,1.0
000629.SZ,2020-08-04,09:34:13,22500.0,0.0,0.0,22400.0,1.0,22300.0,1.0,22200.0,1.0,22100.0,1,22000.0,1.0,21900.0,1.0,21800.0,1.0,21700.0,1.0,21600.0,1.0,21500.0,1.0,22500.0,1.0,22600.0,1.0,22700.0,1.0,22800.0,1.0,22900.0,1.0,23000.0,1.0,23100.0,1.0,23200.0,1.0,23300.0,1.0,23400.0,1.0
000629.SZ,2020-08-04,09:34:14,22500.0,0.0,0.0,22400.0,1.0,22300.0,1.0,22200.0,1.0,22100.0,1,22000.0,1.0,21900.0,1.0,21800.0,1.0,21700.0,1.0,21600.0,1.0,21500.0,1.0,22500.0,1.0,22600.0,1.0,22700.0,1.0,22800.0,1.0,22900.0,1.0,23000.0,1.0,23100.0,1.0,23200.0,1.0,23300.0,1.0,23400.0,1.0
000629.SZ,2020-08-04,09:34:15,22500.0,50000.0,1120000000.0,22400.0,1.0,22300.0,1.0,22200.0,1.0,22100.0,1,22000.0,1.0,21900.0,1.0,21800.0,1.0,21700.0,1.0,21600.0,1.0,21500.0,1.0,22500.0,1.0,22600.0,1.0,22700.0,1.0,22800.0,1.0,22900.0,1.0,23000.0,1.0,23100.0,1.0,23200.0,1.0,23300.0,1.0,23400.0,1.0
000629.SZ,2020-08-04,09:34:16,22400.0,3300.0,73949700.0,22400.0,1.0,22300.0,1.0,22200.0,1.0,22100.0,1,22000.0,1.0,21900.0,1.0,21800.0,1.0,21700.0,1.0,21600.0,1.0,21500.0,1.0,22500.0,1.0,22600.0,1.0,22700.0,1.0,22800.0,1.0,22900.0,1.0,23000.0,1.0,23100.0,1.0,23200.0,1.0,23300.0,1.0,23400.0,1.0
000629.SZ,2020-08-04,09:34:17,22400.0,0.0,0.0,22400.0,1.0,22300.0,1.0,22200.0,1.0,22100.0,1,22000.0,1.0,21900.0,1.0,21800.0,1.0,21700.0,1.0,21600.0,1.0,21500.0,1.0,22500.0,1.0,22600.0,1.0,22700.0,1.0,22800.0,1.0,22900.0,1.0,23000.0,1.0,23100.0,1.0,23200.0,1.0,23300.0,1.0,23400.0,1.0
000629.SZ,2020-08-04,09:34:18,22400.0,23100.0,517440000.0,22400.0,1.0,22300.0,1.0,22200.0,1.0,22100.0,1,22000.0,1.0,21900.0,1.0,21800.0,1.0,21700.0,1.0,21600.0,1.0,21500.0,1.0,22500.0,1.0,22600.0,1.0,22700.0,1.0,22800.0,1.0,22900.0,1.0,23000.0,1.0,23100.0,1.0,23200.0,1.0,23300.0,1.0,23400.0,1.0
000629.SZ,2020-08-04,09:34:19,22400.0,0.0,0.0,22400.0,1.0,22300.0,1.0,22200.0,1.0,22100.0,1,22000.0,1.0,21900.0,1.0,21800.0,1.0,21700.0,1.0,21600.0,1.0,21500.0,1.0,22500.0,1.0,22600.0,1.0,22700.0,1.0,22800.0,1.0,22900.0,1.0,23000.0,1.0,23100.0,1.0,23200.0,1.0,23300.0,1.0,23400.0,1.0
000629.SZ,2020-08-04,09:34:20,22400.0,100000.0,2250000000.0,22400.0,1.0,22300.0,1.0,22200.0,1.0,22100.0,1,22000.0,1.0,21900.0,1.0,21800.0,1.0,21700.0,1.0,21600.0,1.0,21500.0,1.0,22500.0,1.0,22600.0,1.0,22700.0,1.0,22800.0,1.0,22900.0,1.0,23000.0,1.0,23100.0,1.0,23200.0,1.0,23300.0,1.0,23400.0,1.0
000629.SZ,2020-08-04,09:34:21,22500.0,0.0,0.0,22400.0,1.0,22300.0,1.0,22200.0,1.0,22100.0,1,22000.0,1.0,21900.0,1.0,21800.0,1.0,21700.0,1.0,21600.0,1.0,21500.0,1.0,22500.0,1.0,22600.0,1.0,22700.0,1.0,22800.0,1.0,22900.0,1.0,23000.0,1.0,23100.0,1.0,23200.0,1.0,23300.0,1.0,23400.0,1.0
000629.SZ,2020-08-04,09:34:22,22500.0,1600.0,36000000.0,22400.0,1.0,22300.0,1.0,22200.0,1.0,22100.0,1,22000.0,1.0,21900.0,1.0,21800.0,1.0,21700.0,1.0,21600.0,1.0,21500.0,1.0,22500.0,1.0,22600.0,1.0,22700.0,1.0,22800.0,1.0,22900.0,1.0,23000.0,1.0,23100.0,1.0,23200.0,1.0,23300.0,1.0,23400.0,1.0
000629.SZ,2020-08-04,09:34:23,22500.0,0.0,0.0,22400.0,1.0,22300.0,1.0,22200.0,1.0,22100.0,1,22000.0,1.0,21900.0,1.0,21800.0,1.0,21700.0,1.0,21600.0,1.0,21500.0,1.0,22500.0,1.0,22600.0,1.0,22700.0,1.0,22800.0,1.0,22900.0,1.0,23000.0,1.0,23100.0,1.0,23200.0,1.0,23300.0,1.0,23400.0,1.0
000629.SZ,2020-08-04,09:34:24,22500.0,0.0,0.0,22400.0,1.0,22300.0,1.0,22200.0,1.0,22100.0,1,22000.0,1.0,21900.0,1.0,21800.0,1.0,21700.0,1.0,21600.0,1.0,21500.0,1.0,22500.0,1.0,22600.0,1.0,22700.0,1.0,22800.0,1.0,22900.0,1.0,23000.0,1.0,23100.0,1.0,23200.0,1.0,23300.0,1.0,23400.0,1.0
000629.SZ,2020-08-04,09:34:25,22500.0,0.0,0.0,22400.0,1.0,22300.0,1.0,22200.0,1.0,22100.0,1,22000.0,1.0,21900.0,1.0,21800.0,1.0,21700.0,1.0,21600.0,1.0,21500.0,1.0,22500.0,1.0,22600.0,1.0,22700.0,1.0,22800.0,1.0,22900.0,1.0,23000.0,1.0,23100.0,1.0,23200.0,1.0,23300.0,1.0,23400.0,1.0
000629.SZ,2020-08-04,09:34:26,22500.0,18500.0,414400000.0,22400.0,1.0,22300.0,1.0,22200.0,1.0,22100.0,1,22000.0,1.0,21900.0,1.0,21800.0,1.0,21700.0,1.0,21600.0,1.0,21500.0,1.0,22500.0,1.0,22600.0,1.0,22700.0,1.0,22800.0,1.0,22900.0,1.0,23000.0,1.0,23100.0,1.0,23200.0,1.0,23300.0,1.0,23400.0,1.0
000629.SZ,2020-08-04,09:34:27,22400.0,0.0,0.0,22400.0,1.0,22300.0,1.0,22200.0,1.0,22100.0,1,22000.0,1.0,21900.0,1.0,21800.0,1.0,21700.0,1.0,21600.0,1.0,21500.0,1.0,22500.0,1.0,22600.0,1.0,22700.0,1.0,22800.0,1.0,22900.0,1.0,23000.0,1.0,23100.0,1.0,23200.0,1.0,23300.0,1.0,23400.0,1.0
000629.SZ,2020-08-04,09:34:28,22400.0,0.0,0.0,22400.0,1.0,22300.0,1.0,22200.0,1.0,22100.0,1,22000.0,1.0,21900.0,1.0,21800.0,1.0,21700.0,1.0,21600.0,1.0,21500.0,1.0,22500.0,1.0,22600.0,1.0,22700.0,1.0,22800.0,1.0,22900.0,1.0,23000.0,1.0,23100.0,1.0,23200.0,1.0,23300.0,1.0,23400.0,1.0
000629.SZ,2020-08-04,09:34:29,22400.0,15800.0,355500000.0,22400.0,1.0,22300.0,1.0,22200.0,1.0,22100.0,1,22000.0,1.0,21900.0,1.0,21800.0,1.0,21700.0,1.0,21600.0,1.0,21500.0,1.0,22500.0,1.0,22600.0,1.0,22700.0,1.0,22800.0,1.0,22900.0,1.0,23000.0,1.0,23100.0,1.0,23200.0,1.0,23300.0,1.0,23400.0,1.0
000629.SZ,2020-08-04,09:34:30,22500.0,0.0,0.0,22400.0,1.0,22300.0,1.0,22200.0,1.0,22100.0,1,22000.0,1.0,21900.0,1.0,21800.0,1.0,21700.0,1.0,21600.0,1.0,21500.0,1.0,22500.0,1.0,22600.0,1.0,22700.0,1.0,22800.0,1.0,22900.0,1.0,23000.0,1.0,23100.0,1.0,23200.0,1.0,23300.0,1.0,23400.0,1.0
000629.SZ,2020-08-04,09:34:31,22500.0,0.0,0.0,22400.0,1.0,22300.0,1.0,22200.0,1.0,22100.0,1,22000.0,1.0,21900.0,1.0,21800.0,1.0,21700.0,1.0,21600.0,1.0,21500.0,1.0,22500.0,1.0,22600.0,1.0,22700.0,1.0,22800.0,1.0,22900.0,1.0,23000.0,1.0,23100.0,1.0,23200.0,1.0,23300.0,1.0,23400.0,1.0
000629.SZ,2020-08-04,09:34:32,22500.0,400.0,9000000.0,22400.0,1.0,22300.0,1.0,22200.0,1.0,22100.0,1,22000.0,1.0,21900.0,1.0,21800.0,1.0,21700.0,1.0,21600.0,1.0,21500.0,1.0,22500.0,1.0,22600.0,1.0,22700.0,1.0,22800.0,1.0,22900.0,1.0,23000.0,1.0,23100.0,1.0,23200.0,1.0,23300.0,1.0,23400.0,1.0
000629.SZ,2020-08-04,09:34:33,22500.0,0.0,0.0,22400.0,1.0,22300.0,1.0,22200.0,1.0,22100.0,1,22000.0,1.0,21900.0,1.0,21800.0,1.0,21700.0,1.0,21600.0,1.0,21500.0,1.0,22500.0,1.0,22600.0,1.0,22700.0,1.0,22800.0,1.0,22900.0,1.0,23000.0,1.0,23100.0,1.0,23200.0,1.0,23300.0,1.0,23400.0,1.0
000629.SZ,2020-08-04,09:34:34,22500.0,2000.0,44800000.0,22400.0,1.0,22300.0,1.0,22200.0,1.0,22100.0,1,22000.0,1.0,21900.0,1.0,21800.0,1.0,21700.0,1.0,21600.0,1.0,21500.0,1.0,22500.0,1.0,22600.0,1.0,22700.0,1.0,22800.0,1.0,22900.0,1.0,23000.0,1.0,23100.0,1.0,23200.0,1.0,23300.0,1.0,23400.0,1.0
000629.SZ,2020-08-04,09:34:35,22400.0,4100.0,91840000.0,22400.0,1.0,22300.0,1.0,22200.0,1.0,22100.0,1,22000.0,1.0,21900.0,1.0,21800.0,1.0,21700.0,1.0,21600.0,1.0,21500.0,1.0,22500.0,1.0,22600.0,1.0,22700.0,1.0,22800.0,1.0,22900.0,1.0,23000.0,1.0,23100.0,1.0,23200.0,1.0,23300.0,1.0,23400.0,1.0
000629.SZ,2020-08-04,09:34:36,22400.0,5800.0,129989600.0,22400.0,1.0,22300.0,1.0,22200.0,1.0,22100.0,1,22000.0,1.0,21900.0,1.0,21800.0,1.0,21700.0,1.0,21600.0,1.0,21500.0,1.0,22500.0,1.0,22600.0,1.0,22700.0,1.0,22800.0,1.0,22900.0,1.0,23000.0,1.0,23100.0,1.0,23200.0,1.0,23300.0,1.0,23400.0,1.0
000629.SZ,2020-08-04,09:34:37,22400.0,21900.0,490560000.0,22400.0,1.0,22300.0,1.0,22200.0,1.0,22100.0,1,22000.0,1.0,21900.0,1.0,21800.0,1.0,21700.0,1.0,21600.0,1.0,21500.0,1.0,22500.0,1.0,22600.0,1.0,22700.0,1.0,22800.0,1.0,22900.0,1.0,23000.0,1.0,23100.0,1.0,23200.0,1.0,23300.0,1.0,23400.0,1.0
000629.SZ,2020-08-04,09:34:38,22400.0,0.0,0.0,22400.0,1.0,22300.0,1.0,22200.0,1.0,22100.0,1,22000.0,1.0,21900.0,1.0,21800.0,1.0,21700.0,1.0,21600.0,1.0,21500.0,1.0,22500.0,1.0,22600.0,1.0,22700.0,1.0,22800.0,1.0,22900.0,1.0,23000.0,1.0,23100.0,1.0,23200.0,1.0,23300.0,1.0,23400.0,1.0
000629.SZ,2020-08-04,09:34:39,22400.0,3000.0,67200000.0,22400.0,1.0,22300.0,1.0,22200.0,1.0,22100.0,1,22000.0,1.0,21900.0,1.0,21800.0,1.0,21700.0,1.0,21600.0,1.0,21500.0,1.0,22500.0,1.0,22600.0,1.0,22700.0,1.0,22800.0,1.0,22900.0,1.0,23000.0,1.0,23100.0,1.0,23200.0,1.0,23300.0,1.0,23400.0,1.0
000629.SZ,2020-08-04,09:34:40,22400.0,0.0,0.0,22400.0,1.0,22300.0,1.0,22200.0,1.0,22100.0,1,22000.0,1.0,21900.0,1.0,21800.0,1.0,21700.0,1.0,21600.0,1.0,21500.0,1.0,22500.0,1.0,22600.0,1.0,22700.0,1.0,22800.0,1.0,22900.0,1.0,23000.0,1.0,23100.0,1.0,23200.0,1.0,23300.0,1.0,23400.0,1.0
000629.SZ,2020-08-04,09:34:41,22400.0,57900.0,1296960000.0,22400.0,1.0,22300.0,1.0,22200.0,1.0,22100.0,1,22000.0,1.0,21900.0,1.0,21800.0,1.0,21700.0,1.0,21600.0,1.0,21500.0,1.0,22500.0,1.0,22600.0,1.0,22700.0,1.0,22800.0,1.0,22900.0,1.0,23000.0,1.0,23100.0,1.0,23200.0,1.0,23300.0,1.0,23400.0,1.0
000629.SZ,2020-08-04,09:34:42,22400.0,0.0,0.0,22400.0,1.0,22300.0,1.0,22200.0,1.0,22100.0,1,22000.0,1.0,21900.0,1.0,21800.0,1.0,21700.0,1.0,21600.0,1.0,21500.0,1.0,22500.0,1.0,22600.0,1.0,22700.0,1.0,22800.0,1.0,22900.0,1.0,23000.0,1.0,23100.0,1.0,23200.0,1.0,23300.0,1.0,23400.0,1.0
000629.SZ,2020-08-04,09:34:43,22400.0,0.0,0.0,22400.0,1.0,22300.0,1.0,22200.0,1.0,22100.0,1,22000.0,1.0,21900.0,1.0,21800.0,1.0,21700.0,1.0,21600.0,1.0,21500.0,1.0,22500.0,1.0,22600.0,1.0,22700.0,1.0,22800.0,1.0,22900.0,1.0,23000.0,1.0,23100.0,1.0,23200.0,1.0,23300.0,1.0,23400.0,1.0
000629.SZ,2020-08-04,09:34:44,22400.0,1500.0,33600000.0,22400.0,1.0,22300.0,1.0,22200.0,1.0,22100.0,1,22000.0,1.0,21900.0,1.0,21800.0,1.0,21700.0,1.0,21600.0,1.0,21500.0,1.0,22500.0,1.0,22600.0,1.0,22700.0,1.0,22800.0,1.0,22900.0,1.0,23000.0,1.0,23100.0,1.0,23200.0,1.0,23300.0,1.0,23400.0,1.0
000629.SZ,2020-08-04,09:34:45,22400.0,0.0,0.0,22400.0,1.0,22300.0,1.0,22200.0,1.0,22100.0,1,22000.0,1.0,21900.0,1.0,21800.0,1.0,21700.0,1.0,21600.0,1.0,21500.0,1.0,22500.0,1.0,22600.0,1.0,22700.0,1.0,22800.0,1.0,22900.0,1.0,23000.0,1.0,23100.0,1.0,23200.0,1.0,23300.0,1.0,23400.0,1.0
000629.SZ,2020-08-04,09:34:46,22400.0,0.0,0.0,22400.0,1.0,22300.0,1.0,22200.0,1.0,22100.0,1,22000.0,1.0,21900.0,1.0,21800.0,1.0,21700.0,1.0,21600.0,1.0,21500.0,1.0,22500.0,1.0,22600.0,1.0,22700.0,1.0,22800.0,1.0,22900.0,1.0,23000.0,1.0,23100.0,1.0,23200.0,1.0,23300.0,1.0,23400.0,1.0
000629.SZ,2020-08-04,09:34:47,22400.0,0.0,0.0,22400.0,1.0,22300.0,1.0,22200.0,1.0,22100.0,1,22000.0,1.0,21900.0,1.0,21800.0,1.0,21700.0,1.0,21600.0,1.0,21500.0,1.0,22500.0,1.0,22600.0,1.0,22700.0,1.0,22800.0,1.0,22900.0,1.0,23000.0,1.0,23100.0,1.0,23200.0,1.0,23300.0,1.0,23400.0,1.0
000629.SZ,2020-08-04,09:34:48,22400.0,0.0,0.0,22400.0,1.0,22300.0,1.0,22200.0,1.0,22100.0,1,22000.0,1.0,21900.0,1.0,21800.0,1.0,21700.0,1.0,21600.0,1.0,21500.0,1.0,22500.0,1.0,22600.0,1.0,22700.0,1.0,22800.0,1.0,22900.0,1.0,23000.0,1.0,23100.0,1.0,23200.0,1.0,23300.0,1.0,23400.0,1.0
000629.SZ,2020-08-04,09:34:49,22400.0,0.0,0.0,22400.0,1.0,22300.0,1.0,22200.0,1.0,22100.0,1,22000.0,1.0,21900.0,1.0,21800.0,1.0,21700.0,1.0,21600.0,1.0,21500.0,1.0,22500.0,1.0,22600.0,1.0,22700.0,1.0,22800.0,1.0,22900.0,1.0,23000.0,1.0,23100.0,1.0,23200.0,1.0,23300.0,1.0,23400.0,1.0
000629.SZ,2020-08-04,09:34:50,22400.0,75300.0,1686720000.0,22400.0,1.0,22300.0,1.0,22200.0,1.0,22100.0,1,22000.0,1.0,21900.0,1.0,21800.0,1.0,21700.0,1.0,21600.0,1.0,21500.0,1.0,22500.0,1.0,22600.0,1.0,22700.0,1.0,22800.0,1.0,22900.0,1.0,23000.0,1.0,23100.0,1.0,23200.0,1.0,23300.0,1.0,23400.0,1.0
000629.SZ,2020-08-04,09:34:51,22400.0,17800.0,398720000.0,22400.0,1.0,22300.0,1.0,22200.0,1.0,22100.0,1,22000.0,1.0,21900.0,1.0,21800.0,1.0,21700.0,1.0,21600.0,1.0,21500.0,1.0,22500.0,1.0,22600.0,1.0,22700.0,1.0,22800.0,1.0,22900.0,1.0,23000.0,1.0,23100.0,1.0,23200.0,1.0,23300.0,1.0,23400.0,1.0
000629.SZ,2020-08-04,09:34:52,22400.0,14400.0,322560000.0,22400.0,1.0,22300.0,1.0,22200.0,1.0,22100.0,1,22000.0,1.0,21900.0,1.0,21800.0,1.0,21700.0,1.0,21600.0,1.0,21500.0,1.0,22500.0,1.0,22600.0,1.0,22700.0,1.0,22800.0,1.0,22900.0,1.0,23000.0,1.0,23100.0,1.0,23200.0,1.0,23300.0,1.0,23400.0,1.0
000629.SZ,2020-08-04,09:34:53,22400.0,0.0,0.0,22400.0,1.0,22300.0,1.0,22200.0,1.0,22100.0,1,22000.0,1.0,21900.0,1.0,21800.0,1.0,21700.0,1.0,21600.0,1.0,21500.0,1.0,22500.0,1.0,22600.0,1.0,22700.0,1.0,22800.0,1.0,22900.0,1.0,23000.0,1.0,23100.0,1.0,23200.0,1.0,23300.0,1.0,23400.0,1.0
000629.SZ,2020-08-04,09:34:54,22400.0,2000.0,45000000.0,22400.0,1.0,22300.0,1.0,22200.0,1.0,22100.0,1,22000.0,1.0,21900.0,1.0,21800.0,1.0,21700.0,1.0,21600.0,1.0,21500.0,1.0,22500.0,1.0,22600.0,1.0,22700.0,1.0,22800.0,1.0,22900.0,1.0,23000.0,1.0,23100.0,1.0,23200.0,1.0,23300.0,1.0,23400.0,1.0
000629.SZ,2020-08-04,09:34:55,22500.0,0.0,0.0,22400.0,1.0,22300.0,1.0,22200.0,1.0,22100.0,1,22000.0,1.0,21900.0,1.0,21800.0,1.0,21700.0,1.0,21600.0,1.0,21500.0,1.0,22500.0,1.0,22600.0,1.0,22700.0,1.0,22800.0,1.0,22900.0,1.0,23000.0,1.0,23100.0,1.0,23200.0,1.0,23300.0,1.0,23400.0,1.0
000629.SZ,2020-08-04,09:34:56,22500.0,100.0,2240000.0,22400.0,1.0,22300.0,1.0,22200.0,1.0,22100.0,1,22000.0,1.0,21900.0,1.0,21800.0,1.0,21700.0,1.0,21600.0,1.0,21500.0,1.0,22500.0,1.0,22600.0,1.0,22700.0,1.0,22800.0,1.0,22900.0,1.0,23000.0,1.0,23100.0,1.0,23200.0,1.0,23300.0,1.0,23400.0,1.0
000629.SZ,2020-08-04,09:34:57,22400.0,1200.0,26880000.0,22400.0,1.0,22300.0,1.0,22200.0,1.0,22100.0,1,22000.0,1.0,21900.0,1.0,21800.0,1.0,21700.0,1.0,21600.0,1.0,21500.0,1.0,22500.0,1.0,22600.0,1.0,22700.0,1.0,22800.0,1.0,22900.0,1.0,23000.0,1.0,23100.0,1.0,23200.0,1.0,23300.0,1.0,23400.0,1.0
000629.SZ,2020-08-04,09:34:58,22400.0,0.0,0.0,22400.0,1.0,22300.0,1.0,22200.0,1.0,22100.0,1,22000.0,1.0,21900.0,1.0,21800.0,1.0,21700.0,1.0,21600.0,1.0,21500.0,1.0,22500.0,1.0,22600.0,1.0,22700.0,1.0,22800.0,1.0,22900.0,1.0,23000.0,1.0,23100.0,1.0,23200.0,1.0,23300.0,1.0,23400.0,1.0
000629.SZ,2020-08-04,09:34:59,22400.0,0.0,0.0,22400.0,1.0,22300.0,1.0,22200.0,1.0,22100.0,1,22000.0,1.0,21900.0,1.0,21800.0,1.0,21700.0,1.0,21600.0,1.0,21500.0,1.0,22500.0,1.0,22600.0,1.0,22700.0,1.0,22800.0,1.0,22900.0,1.0,23000.0,1.0,23100.0,1.0,23200.0,1.0,23300.0,1.0,23400.0,1.0
000629.SZ,2020-08-04,09:35:00,22400.0,0.0,0.0,22400.0,1.0,22300.0,1.0,22200.0,1.0,22100.0,1,22000.0,1.0,21900.0,1.0,21800.0,1.0,21700.0,1.0,21600.0,1.0,21500.0,1.0,22500.0,1.0,22600.0,1.0,22700.0,1.0,22800.0,1.0,22900.0,1.0,23000.0,1.0,23100.0,1.0,23200.0,1.0,23300.0,1.0,23400.0,1.0
000629.SZ,2020-08-04,09:35:01,22400.0,0.0,0.0,22400.0,1.0,22300.0,1.0,22200.0,1.0,22100.0,1,22000.0,1.0,21900.0,1.0,21800.0,1.0,21700.0,1.0,21600.0,1.0,21500.0,1.0,22500.0,1.0,22600.0,1.0,22700.0,1.0,22800.0,1.0,22900.0,1.0,23000.0,1.0,23100.0,1.0,23200.0,1.0,23300.0,1.0,23400.0,1.0
000629.SZ,2020-08-04,09:35:02,22400.0,0.0,0.0,22400.0,1.0,22300.0,1.0,22200.0,1.0,22100.0,1,22000.0,1.0,21900.0,1.0,21800.0,1.0,21700.0,1.0,21600.0,1.0,21500.0,1.0,22500.0,1.0,22600.0,1.0,22700.0,1.0,22800.0,1.0,22900.0,1.0,23000.0,1.0,23100.0,1.0,23200.0,1.0,23300.0,1.0,23400.0,1.0
000629.SZ,2020-08-04,09:35:03,22400.0,0.0,0.0,22400.0,1.0,22300.0,1.0,22200.0,1.0,22100.0,1,22000.0,1.0,21900.0,1.0,21800.0,1.0,21700.0,1.0,21600.0,1.0,21500.0,1.0,22500.0,1.0,22600.0,1.0,22700.0,1.0,22800.0,1.0,22900.0,1.0,23000.0,1.0,23100.0,1.0,23200.0,1.0,23300.0,1.0,23400.0,1.0
000629.SZ,2020-08-04,09:35:04,22400.0,0.0,0.0,22400.0,1.0,22300.0,1.0,22200.0,1.0,22100.0,1,22000.0,1.0,21900.0,1.0,21800.0,1.0,21700.0,1.0,21600.0,1.0,21500.0,1.0,22500.0,1.0,22600.0,1.0,22700.0,1.0,22800.0,1.0,22900.0,1.0,23000.0,1.0,23100.0,1.0,23200.0,1.0,23300.0,1.0,23400.0,1.0
000629.SZ,2020-08-04,09:35:05,22400.0,0.0,0.0,22400.0,1.0,22300.0,1.0,22200.0,1.0,22100.0,1,22000.0,1.0,21900.0,1.0,21800.0,1.0,21700.0,1.0,21600.0,1.0,21500.0,1.0,22500.0,1.0,22600.0,1.0,22700.0,1.0,22800.0,1.0,22900.0,1.0,23000.0,1.0,23100.0,1.0,23200.0,1.0,23300.0,1.0,23400.0,1.0
000629.SZ,2020-08-04,09:35:06,22400.0,0.0,0.0,22400.0,1.0,22300.0,1.0,22200.0,1.0,22100.0,1,22000.0,1.0,21900.0,1.0,21800.0,1.0,21700.0,1.0,21600.0,1.0,21500.0,1.0,22500.0,1.0,22600.0,1.0,22700.0,1.0,22800.0,1.0,22900.0,1.0,23000.0,1.0,23100.0,1.0,23200.0,1.0,23300.0,1.0,23400.0,1.0
000629.SZ,2020-08-04,09:35:07,22400.0,0.0,0.0,22400.0,1.0,22300.0,1.0,22200.0,1.0,22100.0,1,22000.0,1.0,21900.0,1.0,21800.0,1.0,21700.0,1.0,21600.0,1.0,21500.0,1.0,22500.0,1.0,22600.0,1.0,22700.0,1.0,22800.0,1.0,22900.0,1.0,23000.0,1.0,23100.0,1.0,23200.0,1.0,23300.0,1.0,23400.0,1.0
000629.SZ,2020-08-04,09:35:08,22400.0,0.0,0.0,22400.0,1.0,22300.0,1.0,22200.0,1.0,22100.0,1,22000.0,1.0,21900.0,1.0,21800.0,1.0,21700.0,1.0,21600.0,1.0,21500.0,1.0,22500.0,1.0,22600.0,1.0,22700.0,1.0,22800.0,1.0,22900.0,1.0,23000.0,1.0,23100.0,1.0,23200.0,1.0,23300.0,1.0,23400.0,1.0
000629.SZ,2020-08-04,09:35:09,22400.0,10500.0,235200000.0,22400.0,1.0,22300.0,1.0,22200.0,1.0,22100.0,1,22000.0,1.0,21900.0,1.0,21800.0,1.0,21700.0,1.0,21600.0,1.0,21500.0,1.0,22500.0,1.0,22600.0,1.0,22700.0,1.0,22800.0,1.0,22900.0,1.0,23000.0,1.0,23100.0,1.0,23200.0,1.0,23300.0,1.0,23400.0,1.0
000629.SZ,2020-08-04,09:35:10,22400.0,100.0,2240000.0,22400.0,1.0,22300.0,1.0,22200.0,1.0,22100.0,1,22000.0,1.0,21900.0,1.0,21800.0,1.0,21700.0,1.0,21600.0,1.0,21500.0,1.0,22500.0,1.0,22600.0,1.0,22700.0,1.0,22800.0,1.0,22900.0,1.0,23000.0,1.0,23100.0,1.0,23200.0,1.0,23300.0,1.0,23400.0,1.0
000629.SZ,2020-08-04,09:35:11,22400.0,0.0,0.0,22400.0,1.0,22300.0,1.0,22200.0,1.0,22100.0,1,22000.0,1.0,21900.0,1.0,21800.0,1.0,21700.0,1.0,21600.0,1.0,21500.0,1.0,22500.0,1.0,22600.0,1.0,22700.0,1.0,22800.0,1.0,22900.0,1.0,23000.0,1.0,23100.0,1.0,23200.0,1.0,23300.0,1.0,23400.0,1.0
000629.SZ,2020-08-04,09:35:12,22400.0,0.0,0.0,22400.0,1.0,22300.0,1.0,22200.0,1.0,22100.0,1,22000.0,1.0,21900.0,1.0,21800.0,1.0,21700.0,1.0,21600.0,1.0,21500.0,1.0,22500.0,1.0,22600.0,1.0,22700.0,1.0,22800.0,1.0,22900.0,1.0,23000.0,1.0,23100.0,1.0,23200.0,1.0,23300.0,1.0,23400.0,1.0
000629.SZ,2020-08-04,09:35:13,22400.0,0.0,0.0,22400.0,1.0,22300.0,1.0,22200.0,1.0,22100.0,1,22000.0,1.0,21900.0,1.0,21800.0,1.0,21700.0,1.0,21600.0,1.0,21500.0,1.0,22500.0,1.0,22600.0,1.0,22700.0,1.0,22800.0,1.0,22900.0,1.0,23000.0,1.0,23100.0,1.0,23200.0,1.0,23300.0,1.0,23400.0,1.0
000629.SZ,2020-08-04,09:35:14,22400.0,0.0,0.0,22400.0,1.0,22300.0,1.0,22200.0,1.0,22100.0,1,22000.0,1.0,21900.0,1.0,21800.0,1.0,21700.0,1.0,21600.0,1.0,21500.0,1.0,22500.0,1.0,22600.0,1.0,22700.0,1.0,22800.0,1.0,22900.0,1.0,23000.0,1.0,23100.0,1.0,23200.0,1.0,23300.0,1.0,23400.0,1.0
000629.SZ,2020-08-04,09:35:15,22400.0,0.0,0.0,22400.0,1.0,22300.0,1.0,22200.0,1.0,22100.0,1,22000.0,1.0,21900.0,1.0,21800.0,1.0,21700.0,1.0,21600.0,1.0,21500.0,1.0,22500.0,1.0,22600.0,1.0,22700.0,1.0,22800.0,1.0,22900.0,1.0,23000.0,1.0,23100.0,1.0,23200.0,1.0,23300.0,1.0,23400.0,1.0
000629.SZ,2020-08-04,09:35:16,22400.0,0.0,0.0,22400.0,1.0,22300.0,1.0,22200.0,1.0,22100.0,1,22000.0,1.0,21900.0,1.0,21800.0,1.0,21700.0,1.0,21600.0,1.0,21500.0,1.0,22500.0,1.0,22600.0,1.0,22700.0,1.0,22800.0,1.0,22900.0,1.0,23000.0,1.0,23100.0,1.0,23200.0,1.0,23300.0,1.0,23400.0,1.0
000629.SZ,2020-08-04,09:35:17,22400.0,0.0,0.0,22400.0,1.0,22300.0,1.0,22200.0,1.0,22100.0,1,22000.0,1.0,21900.0,1.0,21800.0,1.0,21700.0,1.0,21600.0,1.0,21500.0,1.0,22500.0,1.0,22600.0,1.0,22700.0,1.0,22800.0,1.0,22900.0,1.0,23000.0,1.0,23100.0,1.0,23200.0,1.0,23300.0,1.0,23400.0,1.0
000629.SZ,2020-08-04,09:35:18,22400.0,24500.0,549780000.0,22400.0,1.0,22300.0,1.0,22200.0,1.0,22100.0,1,22000.0,1.0,21900.0,1.0,21800.0,1.0,21700.0,1.0,21600.0,1.0,21500.0,1.0,22500.0,1.0,22600.0,1.0,22700.0,1.0,22800.0,1.0,22900.0,1.0,23000.0,1.0,23100.0,1.0,23200.0,1.0,23300.0,1.0,23400.0,1.0
000629.SZ,2020-08-04,09:35:19,22400.0,0.0,0.0,22400.0,1.0,22300.0,1.0,22200.0,1.0,22100.0,1,22000.0,1.0,21900.0,1.0,21800.0,1.0,21700.0,1.0,21600.0,1.0,21500.0,1.0,22500.0,1.0,22600.0,1.0,22700.0,1.0,22800.0,1.0,22900.0,1.0,23000.0,1.0,23100.0,1.0,23200.0,1.0,23300.0,1.0,23400.0,1.0
000629.SZ,2020-08-04,09:35:20,22400.0,0.0,0.0,22400.0,1.0,22300.0,1.0,22200.0,1.0,22100.0,1,22000.0,1.0,21900.0,1.0,21800.0,1.0,21700.0,1.0,21600.0,1.0,21500.0,1.0,22500.0,1.0,22600.0,1.0,22700.0,1.0,22800.0,1.0,22900.0,1.0,23000.0,1.0,23100.0,1.0,23200.0,1.0,23300.0,1.0,23400.0,1.0
000629.SZ,2020-08-04,09:35:21,22400.0,0.0,0.0,22400.0,1.0,22300.0,1.0,22200.0,1.0,22100.0,1,22000.0,1.0,21900.0,1.0,21800.0,1.0,21700.0,1.0,21600.0,1.0,21500.0,1.0,22500.0,1.0,22600.0,1.0,22700.0,1.0,22800.0,1.0,22900.0,1.0,23000.0,1.0,23100.0,1.0,23200.0,1.0,23300.0,1.0,23400.0,1.0
000629.SZ,2020-08-04,09:35:22,22400.0,0.0,0.0,22400.0,1.0,22300.0,1.0,22200.0,1.0,22100.0,1,22000.0,1.0,21900.0,1.0,21800.0,1.0,21700.0,1.0,21600.0,1.0,21500.0,1.0,22500.0,1.0,22600.0,1.0,22700.0,1.0,22800.0,1.0,22900.0,1.0,23000.0,1.0,23100.0,1.0,23200.0,1.0,23300.0,1.0,23400.0,1.0
000629.SZ,2020-08-04,09:35:23,22400.0,0.0,0.0,22400.0,1.0,22300.0,1.0,22200.0,1.0,22100.0,1,22000.0,1.0,21900.0,1.0,21800.0,1.0,21700.0,1.0,21600.0,1.0,21500.0,1.0,22500.0,1.0,22600.0,1.0,22700.0,1.0,22800.0,1.0,22900.0,1.0,23000.0,1.0,23100.0,1.0,23200.0,1.0,23300.0,1.0,23400.0,1.0
000629.SZ,2020-08-04,09:35:24,22400.0,5000.0,112000000.0,22400.0,1.0,22300.0,1.0,22200.0,1.0,22100.0,1,22000.0,1.0,21900.0,1.0,21800.0,1.0,21700.0,1.0,21600.0,1.0,21500.0,1.0,22500.0,1.0,22600.0,1.0,22700.0,1.0,22800.0,1.0,22900.0,1.0,23000.0,1.0,23100.0,1.0,23200.0,1.0,23300.0,1.0,23400.0,1.0
000629.SZ,2020-08-04,09:35:25,22400.0,0.0,0.0,22400.0,1.0,22300.0,1.0,22200.0,1.0,22100.0,1,22000.0,1.0,21900.0,1.0,21800.0,1.0,21700.0,1.0,21600.0,1.0,21500.0,1.0,22500.0,1.0,22600.0,1.0,22700.0,1.0,22800.0,1.0,22900.0,1.0,23000.0,1.0,23100.0,1.0,23200.0,1.0,23300.0,1.0,23400.0,1.0
000629.SZ,2020-08-04,09:35:26,22400.0,0.0,0.0,22400.0,1.0,22300.0,1.0,22200.0,1.0,22100.0,1,22000.0,1.0,21900.0,1.0,21800.0,1.0,21700.0,1.0,21600.0,1.0,21500.0,1.0,22500.0,1.0,22600.0,1.0,22700.0,1.0,22800.0,1.0,22900.0,1.0,23000.0,1.0,23100.0,1.0,23200.0,1.0,23300.0,1.0,23400.0,1.0
000629.SZ,2020-08-04,09:35:27,22400.0,0.0,0.0,22400.0,1.0,22300.0,1.0,22200.0,1.0,22100.0,1,22000.0,1.0,21900.0,1.0,21800.0,1.0,21700.0,1.0,21600.0,1.0,21500.0,1.0,22500.0,1.0,22600.0,1.0,22700.0,1.0,22800.0,1.0,22900.0,1.0,23000.0,1.0,23100.0,1.0,23200.0,1.0,23300.0,1.0,23400.0,1.0
000629.SZ,2020-08-04,09:35:28,22400.0,18300.0,410816700.0,22400.0,1.0,22300.0,1.0,22200.0,1.0,22100.0,1,22000.0,1.0,21900.0,1.0,21800.0,1.0,21700.0,1.0,21600.0,1.0,21500.0,1.0,22500.0,1.0,22600.0,1.0,22700.0,1.0,22800.0,1.0,22900.0,1.0,23000.0,1.0,23100.0,1.0,23200.0,1.0,23300.0,1.0,23400.0,1.0
000629.SZ,2020-08-04,09:35:29,22400.0,0.0,0.0,22400.0,1.0,22300.0,1.0,22200.0,1.0,22100.0,1,22000.0,1.0,21900.0,1.0,21800.0,1.0,21700.0,1.0,21600.0,1.0,21500.0,1.0,22500.0,1.0,22600.0,1.0,22700.0,1.0,22800.0,1.0,22900.0,1.0,23000.0,1.0,23100.0,1.0,23200.0,1.0,23300.0,1.0,23400.0,1.0
000629.SZ,2020-08-04,09:35:30,22400.0,11500.0,258439500.0,22400.0,1.0,22300.0,1.0,22200.0,1.0,22100.0,1,22000.0,1.0,21900.0,1.0,21800.0,1.0,21700.0,1.0,21600.0,1.0,21500.0,1.0,22500.0,1.0,22600.0,1.0,22700.0,1.0,22800.0,1.0,22900.0,1.0,23000.0,1.0,23100.0,1.0,23200.0,1.0,23300.0,1.0,23400.0,1.0
000629.SZ,2020-08-04,09:35:31,22400.0,0.0,0.0,22400.0,1.0,22300.0,1.0,22200.0,1.0,22100.0,1,22000.0,1.0,21900.0,1.0,21800.0,1.0,21700.0,1.0,21600.0,1.0,21500.0,1.0,22500.0,1.0,22600.0,1.0,22700.0,1.0,22800.0,1.0,22900.0,1.0,23000.0,1.0,23100.0,1.0,23200.0,1.0,23300.0,1.0,23400.0,1.0
000629.SZ,2020-08-04,09:35:32,22400.0,9100.0,204750000.0,22400.0,1.0,22300.0,1.0,22200.0,1.0,22100.0,1,22000.0,1.0,21900.0,1.0,21800.0,1.0,21700.0,1.0,21600.0,1.0,21500.0,1.0,22500.0,1.0,22600.0,1.0,22700.0,1.0,22800.0,1.0,22900.0,1.0,23000.0,1.0,23100.0,1.0,23200.0,1.0,23300.0,1.0,23400.0,1.0
000629.SZ,2020-08-04,09:35:33,22500.0,0.0,0.0,22400.0,1.0,22300.0,1.0,22200.0,1.0,22100.0,1,22000.0,1.0,21900.0,1.0,21800.0,1.0,21700.0,1.0,21600.0,1.0,21500.0,1.0,22500.0,1.0,22600.0,1.0,22700.0,1.0,22800.0,1.0,22900.0,1.0,23000.0,1.0,23100.0,1.0,23200.0,1.0,23300.0,1.0,23400.0,1.0
000629.SZ,2020-08-04,09:35:34,22500.0,0.0,0.0,22400.0,1.0,22300.0,1.0,22200.0,1.0,22100.0,1,22000.0,1.0,21900.0,1.0,21800.0,1.0,21700.0,1.0,21600.0,1.0,21500.0,1.0,22500.0,1.0,22600.0,1.0,22700.0,1.0,22800.0,1.0,22900.0,1.0,23000.0,1.0,23100.0,1.0,23200.0,1.0,23300.0,1.0,23400.0,1.0
000629.SZ,2020-08-04,09:35:35,22500.0,500.0,11250000.0,22400.0,1.0,22300.0,1.0,22200.0,1.0,22100.0,1,22000.0,1.0,21900.0,1.0,21800.0,1.0,21700.0,1.0,21600.0,1.0,21500.0,1.0,22500.0,1.0,22600.0,1.0,22700.0,1.0,22800.0,1.0,22900.0,1.0,23000.0,1.0,23100.0,1.0,23200.0,1.0,23300.0,1.0,23400.0,1.0
000629.SZ,2020-08-04,09:35:36,22500.0,0.0,0.0,22400.0,1.0,22300.0,1.0,22200.0,1.0,22100.0,1,22000.0,1.0,21900.0,1.0,21800.0,1.0,21700.0,1.0,21600.0,1.0,21500.0,1.0,22500.0,1.0,22600.0,1.0,22700.0,1.0,22800.0,1.0,22900.0,1.0,23000.0,1.0,23100.0,1.0,23200.0,1.0,23300.0,1.0,23400.0,1.0
000629.SZ,2020-08-04,09:35:37,22500.0,300.0,6739800.0,22400.0,1.0,22300.0,1.0,22200.0,1.0,22100.0,1,22000.0,1.0,21900.0,1.0,21800.0,1.0,21700.0,1.0,21600.0,1.0,21500.0,1.0,22500.0,1.0,22600.0,1.0,22700.0,1.0,22800.0,1.0,22900.0,1.0,23000.0,1.0,23100.0,1.0,23200.0,1.0,23300.0,1.0,23400.0,1.0
000629.SZ,2020-08-04,09:35:38,22500.0,0.0,0.0,22400.0,1.0,22300.0,1.0,22200.0,1.0,22100.0,1,22000.0,1.0,21900.0,1.0,21800.0,1.0,21700.0,1.0,21600.0,1.0,21500.0,1.0,22500.0,1.0,22600.0,1.0,22700.0,1.0,22800.0,1.0,22900.0,1.0,23000.0,1.0,23100.0,1.0,23200.0,1.0,23300.0,1.0,23400.0,1.0
000629.SZ,2020-08-04,09:35:39,22500.0,3700.0,82880000.0,22400.0,1.0,22300.0,1.0,22200.0,1.0,22100.0,1,22000.0,1.0,21900.0,1.0,21800.0,1.0,21700.0,1.0,21600.0,1.0,21500.0,1.0,22500.0,1.0,22600.0,1.0,22700.0,1.0,22800.0,1.0,22900.0,1.0,23000.0,1.0,23100.0,1.0,23200.0,1.0,23300.0,1.0,23400.0,1.0
000629.SZ,2020-08-04,09:35:40,22400.0,1700.0,38250000.0,22400.0,1.0,22300.0,1.0,22200.0,1.0,22100.0,1,22000.0,1.0,21900.0,1.0,21800.0,1.0,21700.0,1.0,21600.0,1.0,21500.0,1.0,22500.0,1.0,22600.0,1.0,22700.0,1.0,22800.0,1.0,22900.0,1.0,23000.0,1.0,23100.0,1.0,23200.0,1.0,23300.0,1.0,23400.0,1.0
000629.SZ,2020-08-04,09:35:41,22500.0,200.0,4480000.0,22400.0,1.0,22300.0,1.0,22200.0,1.0,22100.0,1,22000.0,1.0,21900.0,1.0,21800.0,1.0,21700.0,1.0,21600.0,1.0,21500.0,1.0,22500.0,1.0,22600.0,1.0,22700.0,1.0,22800.0,1.0,22900.0,1.0,23000.0,1.0,23100.0,1.0,23200.0,1.0,23300.0,1.0,23400.0,1.0
000629.SZ,2020-08-04,09:35:42,22400.0,500.0,11250000.0,22400.0,1.0,22300.0,1.0,22200.0,1.0,22100.0,1,22000.0,1.0,21900.0,1.0,21800.0,1.0,21700.0,1.0,21600.0,1.0,21500.0,1.0,22500.0,1.0,22600.0,1.0,22700.0,1.0,22800.0,1.0,22900.0,1.0,23000.0,1.0,23100.0,1.0,23200.0,1.0,23300.0,1.0,23400.0,1.0
000629.SZ,2020-08-04,09:35:43,22500.0,0.0,0.0,22400.0,1.0,22300.0,1.0,22200.0,1.0,22100.0,1,22000.0,1.0,21900.0,1.0,21800.0,1.0,21700.0,1.0,21600.0,1.0,21500.0,1.0,22500.0,1.0,22600.0,1.0,22700.0,1.0,22800.0,1.0,22900.0,1.0,23000.0,1.0,23100.0,1.0,23200.0,1.0,23300.0,1.0,23400.0,1.0
