StockCode,DataDate,UpdateTime,LastPrice,Volume,turnover,BidPrice1,BidVolume1,BidPrice2,BidVolume2,BidPrice3,BidVolume3,BidPrice4,BidVolume4,BidPrice5,BidVolume5,BidPrice6,BidVolume6,BidPrice7,BidVolume7,BidPrice8,BidVolume8,BidPrice9,BidVolume9,BidPrice10,BidVolume10,AskPrice1,AskVolume1,AskPrice2,AskVolume2,AskPrice3,AskVolume3,AskPrice4,AskVolume4,AskPrice5,AskVolume5,AskPrice6,AskVolume6,AskPrice7,AskVolume7,AskPrice8,AskVolume8,AskPrice9,AskVolume9,AskPrice10,AskVolume10
000629.SZ,2020-08-05,09:30:01,22900.0,1.0,22832.0,22800.0,1.0,22700.0,1.0,22600.0,1.0,22500.0,1,22400.0,1.0,22300.0,1.0,22200.0,1.0,22100.0,0.92,22000.0,1.0,21900.0,0.02,22900.0,1.0,23000.0,1.0,23100.0,1.0,23200.0,1.0,23300.0,1.0,23400.0,1.0,23500.0,1.0,23600.0,1.0,23700.0,1.0,23800.0,1.0
000629.SZ,2020-08-05,09:30:02,22900.0,0.0612244897959183,1398.857142857143,22800.0,1.0,22700.0,1.0,22600.0,1.0,22500.0,1,22400.0,1.0,22300.0,1.0,22200.0,1.0,22100.0,0.92,22000.0,1.0,21900.0,0.02,22900.0,1.0,23000.0,1.0,23100.0,1.0,23200.0,1.0,23300.0,1.0,23400.0,1.0,23500.0,1.0,23600.0,1.0,23700.0,1.0,23800.0,1.0
000629.SZ,2020-08-05,09:30:03,22900.0,0.0,0.0,22800.0,1.0,22700.0,1.0,22600.0,1.0,22500.0,1,22400.0,1.0,22300.0,1.0,22200.0,1.0,22100.0,0.92,22000.0,1.0,21900.0,0.02,22900.0,1.0,23000.0,1.0,23100.0,1.0,23200.0,1.0,23300.0,1.0,23400.0,1.0,23500.0,1.0,23600.0,1.0,23700.0,1.0,23800.0,1.0
000629.SZ,2020-08-05,09:30:04,22900.0,0.0,0.0,22800.0,1.0,22700.0,1.0,22600.0,1.0,22500.0,1,22400.0,1.0,22300.0,1.0,22200.0,1.0,22100.0,0.92,22000.0,1.0,21900.0,0.02,22900.0,1.0,23000.0,1.0,23100.0,1.0,23200.0,1.0,23300.0,1.0,23400.0,1.0,23500.0,1.0,23600.0,1.0,23700.0,1.0,23800.0,1.0
000629.SZ,2020-08-05,09:30:05,22900.0,0.0,0.0,22800.0,1.0,22700.0,1.0,22600.0,1.0,22500.0,1,22400.0,1.0,22300.0,1.0,22200.0,1.0,22100.0,0.92,22000.0,1.0,21900.0,0.02,22900.0,1.0,23000.0,1.0,23100.0,1.0,23200.0,1.0,23300.0,1.0,23400.0,1.0,23500.0,1.0,23600.0,1.0,23700.0,1.0,23800.0,1.0
000629.SZ,2020-08-05,09:30:06,22900.0,0.0,0.0,22800.0,1.0,22700.0,1.0,22600.0,1.0,22500.0,1,22400.0,1.0,22300.0,1.0,22200.0,1.0,22100.0,0.92,22000.0,1.0,21900.0,0.02,22900.0,1.0,23000.0,1.0,23100.0,1.0,23200.0,1.0,23300.0,1.0,23400.0,1.0,23500.0,1.0,23600.0,1.0,23700.0,1.0,23800.0,1.0
000629.SZ,2020-08-05,09:30:07,22900.0,0.0,0.0,22800.0,1.0,22700.0,1.0,22600.0,1.0,22500.0,1,22400.0,1.0,22300.0,1.0,22200.0,1.0,22100.0,0.92,22000.0,1.0,21900.0,0.02,22900.0,1.0,23000.0,1.0,23100.0,1.0,23200.0,1.0,23300.0,1.0,23400.0,1.0,23500.0,1.0,23600.0,1.0,23700.0,1.0,23800.0,1.0
000629.SZ,2020-08-05,09:30:08,22900.0,0.0680272108843537,1551.0204081632655,22800.0,1.0,22700.0,1.0,22600.0,1.0,22500.0,1,22400.0,1.0,22300.0,1.0,22200.0,1.0,22100.0,0.92,22000.0,1.0,21900.0,0.02,22900.0,1.0,23000.0,1.0,23100.0,1.0,23200.0,1.0,23300.0,1.0,23400.0,1.0,23500.0,1.0,23600.0,1.0,23700.0,1.0,23800.0,1.0
000629.SZ,2020-08-05,09:30:09,22800.0,0.236734693877551,5381.45306122449,22700.0,1.0,22600.0,1.0,22500.0,1.0,22400.0,1,22300.0,1.0,22200.0,1.0,22100.0,0.92,22000.0,1.0,21900.0,0.02,21800.0,0.36,22800.0,0.04,22900.0,1.0,23000.0,1.0,23100.0,1.0,23200.0,1.0,23300.0,1.0,23400.0,1.0,23500.0,1.0,23600.0,1.0,23700.0,1.0
000629.SZ,2020-08-05,09:30:10,22800.0,0.3782312925170068,8623.673469387755,22700.0,1.0,22600.0,1.0,22500.0,1.0,22400.0,1,22300.0,1.0,22200.0,1.0,22100.0,0.92,22000.0,1.0,21900.0,0.13,21800.0,0.36,22800.0,0.07,22900.0,1.0,23000.0,1.0,23100.0,1.0,23200.0,1.0,23300.0,1.0,23400.0,1.0,23500.0,1.0,23600.0,1.0,23700.0,1.0
000629.SZ,2020-08-05,09:30:11,22800.0,0.2802721088435374,6364.979591836735,22700.0,1.0,22600.0,1.0,22500.0,1.0,22400.0,1,22300.0,1.0,22200.0,1.0,22100.0,0.92,22000.0,1.0,21900.0,0.13,21800.0,0.36,22800.0,0.07,22900.0,1.0,23000.0,1.0,23100.0,1.0,23200.0,1.0,23300.0,1.0,23400.0,1.0,23500.0,1.0,23600.0,1.0,23700.0,1.0
000629.SZ,2020-08-05,09:30:12,22800.0,0.4680272108843537,10670.084353741497,22700.0,1.0,22600.0,1.0,22500.0,1.0,22400.0,1,22300.0,1.0,22200.0,1.0,22100.0,0.92,22000.0,1.0,21900.0,0.13,21800.0,0.36,22800.0,0.12,22900.0,1.0,23000.0,1.0,23100.0,1.0,23200.0,1.0,23300.0,1.0,23400.0,1.0,23500.0,1.0,23600.0,1.0,23700.0,1.0
000629.SZ,2020-08-05,09:30:13,22800.0,0.8013605442176871,18271.020408163266,22700.0,1.0,22600.0,1.0,22500.0,1.0,22400.0,1,22300.0,1.0,22200.0,1.0,22100.0,0.92,22000.0,1.0,21900.0,0.13,21800.0,0.36,22800.0,0.12,22900.0,1.0,23000.0,1.0,23100.0,1.0,23200.0,1.0,23300.0,1.0,23400.0,1.0,23500.0,1.0,23600.0,1.0,23700.0,1.0
000629.SZ,2020-08-05,09:30:14,22800.0,0.0122448979591836,279.1836734693877,22700.0,1.0,22600.0,1.0,22500.0,1.0,22400.0,1,22300.0,1.0,22200.0,1.0,22100.0,0.92,22000.0,1.0,21900.0,0.13,21800.0,0.36,22800.0,0.15,22900.0,1.0,23000.0,1.0,23100.0,1.0,23200.0,1.0,23300.0,1.0,23400.0,1.0,23500.0,1.0,23600.0,1.0,23700.0,1.0
000629.SZ,2020-08-05,09:30:15,22800.0,0.0,0.0,22700.0,1.0,22600.0,1.0,22500.0,1.0,22400.0,1,22300.0,1.0,22200.0,1.0,22100.0,0.92,22000.0,1.0,21900.0,0.13,21800.0,0.36,22800.0,0.63,22900.0,1.0,23000.0,1.0,23100.0,1.0,23200.0,1.0,23300.0,1.0,23400.0,1.0,23500.0,1.0,23600.0,1.0,23700.0,1.0
000629.SZ,2020-08-05,09:30:16,22800.0,1.0,22800.0,22700.0,1.0,22600.0,1.0,22500.0,1.0,22400.0,1,22300.0,1.0,22200.0,1.0,22100.0,0.92,22000.0,1.0,21900.0,0.13,21800.0,0.36,22800.0,0.82,22900.0,1.0,23000.0,1.0,23100.0,1.0,23200.0,1.0,23300.0,1.0,23400.0,1.0,23500.0,1.0,23600.0,1.0,23700.0,1.0
000629.SZ,2020-08-05,09:30:17,22800.0,0.0217687074829931,495.912925170068,22700.0,1.0,22600.0,1.0,22500.0,1.0,22400.0,1,22300.0,1.0,22200.0,1.0,22100.0,0.92,22000.0,1.0,21900.0,0.13,21800.0,0.36,22800.0,0.82,22900.0,1.0,23000.0,1.0,23100.0,1.0,23200.0,1.0,23300.0,1.0,23400.0,1.0,23500.0,1.0,23600.0,1.0,23700.0,1.0
000629.SZ,2020-08-05,09:30:18,22800.0,0.0,0.0,22700.0,1.0,22600.0,1.0,22500.0,1.0,22400.0,1,22300.0,1.0,22200.0,1.0,22100.0,0.92,22000.0,1.0,21900.0,0.13,21800.0,0.36,22800.0,0.82,22900.0,1.0,23000.0,1.0,23100.0,1.0,23200.0,1.0,23300.0,1.0,23400.0,1.0,23500.0,1.0,23600.0,1.0,23700.0,1.0
000629.SZ,2020-08-05,09:30:19,22800.0,0.0680272108843537,1551.0204081632655,22700.0,1.0,22600.0,1.0,22500.0,1.0,22400.0,1,22300.0,1.0,22200.0,1.0,22100.0,0.92,22000.0,1.0,21900.0,0.13,21800.0,0.36,22800.0,0.82,22900.0,1.0,23000.0,1.0,23100.0,1.0,23200.0,1.0,23300.0,1.0,23400.0,1.0,23500.0,1.0,23600.0,1.0,23700.0,1.0
000629.SZ,2020-08-05,09:30:20,22800.0,0.0380952380952381,868.5714285714287,22700.0,1.0,22600.0,1.0,22500.0,1.0,22400.0,1,22300.0,1.0,22200.0,1.0,22100.0,0.92,22000.0,1.0,21900.0,0.13,21800.0,0.36,22800.0,0.82,22900.0,1.0,23000.0,1.0,23100.0,1.0,23200.0,1.0,23300.0,1.0,23400.0,1.0,23500.0,1.0,23600.0,1.0,23700.0,1.0
000629.SZ,2020-08-05,09:30:21,22800.0,0.1360544217687075,3102.040816326531,22700.0,1.0,22600.0,1.0,22500.0,1.0,22400.0,1,22300.0,1.0,22200.0,1.0,22100.0,0.92,22000.0,1.0,21900.0,0.13,21800.0,0.36,22800.0,0.82,22900.0,1.0,23000.0,1.0,23100.0,1.0,23200.0,1.0,23300.0,1.0,23400.0,1.0,23500.0,1.0,23600.0,1.0,23700.0,1.0
000629.SZ,2020-08-05,09:30:22,22800.0,0.273469387755102,6234.828571428571,22700.0,1.0,22600.0,1.0,22500.0,1.0,22400.0,1,22300.0,1.0,22200.0,1.0,22100.0,0.92,22000.0,1.0,21900.0,0.13,21800.0,0.36,22800.0,1.0,22900.0,1.0,23000.0,1.0,23100.0,1.0,23200.0,1.0,23300.0,1.0,23400.0,1.0,23500.0,1.0,23600.0,1.0,23700.0,1.0
000629.SZ,2020-08-05,09:30:23,22700.0,0.001360544217687,31.020408163265305,22700.0,1.0,22600.0,1.0,22500.0,1.0,22400.0,1,22300.0,1.0,22200.0,1.0,22100.0,0.92,22000.0,1.0,21900.0,0.13,21800.0,0.36,22800.0,1.0,22900.0,1.0,23000.0,1.0,23100.0,1.0,23200.0,1.0,23300.0,1.0,23400.0,1.0,23500.0,1.0,23600.0,1.0,23700.0,1.0
000629.SZ,2020-08-05,09:30:24,22800.0,0.2353741496598639,5342.993197278912,22700.0,1.0,22600.0,1.0,22500.0,1.0,22400.0,1,22300.0,1.0,22200.0,1.0,22100.0,0.92,22000.0,1.0,21900.0,0.13,21800.0,0.36,22800.0,1.0,22900.0,1.0,23000.0,1.0,23100.0,1.0,23200.0,1.0,23300.0,1.0,23400.0,1.0,23500.0,1.0,23600.0,1.0,23700.0,1.0
000629.SZ,2020-08-05,09:30:25,22700.0,0.0,0.0,22700.0,1.0,22600.0,1.0,22500.0,1.0,22400.0,1,22300.0,1.0,22200.0,1.0,22100.0,0.92,22000.0,1.0,21900.0,0.13,21800.0,0.36,22800.0,1.0,22900.0,1.0,23000.0,1.0,23100.0,1.0,23200.0,1.0,23300.0,1.0,23400.0,1.0,23500.0,1.0,23600.0,1.0,23700.0,1.0
000629.SZ,2020-08-05,09:30:26,22700.0,0.0721088435374149,1636.8707482993198,22700.0,1.0,22600.0,1.0,22500.0,1.0,22400.0,1,22300.0,1.0,22200.0,1.0,22100.0,0.92,22000.0,1.0,21900.0,0.13,21800.0,0.36,22800.0,1.0,22900.0,1.0,23000.0,1.0,23100.0,1.0,23200.0,1.0,23300.0,1.0,23400.0,1.0,23500.0,1.0,23600.0,1.0,23700.0,1.0
000629.SZ,2020-08-05,09:30:27,22700.0,0.1129251700680272,2563.401360544218,22700.0,1.0,22600.0,1.0,22500.0,1.0,22400.0,1,22300.0,1.0,22200.0,1.0,22100.0,0.92,22000.0,1.0,21900.0,0.13,21800.0,0.36,22800.0,1.0,22900.0,1.0,23000.0,1.0,23100.0,1.0,23200.0,1.0,23300.0,1.0,23400.0,1.0,23500.0,1.0,23600.0,1.0,23700.0,1.0
000629.SZ,2020-08-05,09:30:28,22700.0,0.6938775510204082,15820.408163265303,22700.0,1.0,22600.0,1.0,22500.0,1.0,22400.0,1,22300.0,1.0,22200.0,1.0,22100.0,0.92,22000.0,1.0,21900.0,0.13,21800.0,0.36,22800.0,1.0,22900.0,1.0,23000.0,1.0,23100.0,1.0,23200.0,1.0,23300.0,1.0,23400.0,1.0,23500.0,1.0,23600.0,1.0,23700.0,1.0
000629.SZ,2020-08-05,09:30:29,22800.0,0.0,0.0,22700.0,1.0,22600.0,1.0,22500.0,1.0,22400.0,1,22300.0,1.0,22200.0,1.0,22100.0,0.92,22000.0,1.0,21900.0,0.13,21800.0,0.36,22800.0,1.0,22900.0,1.0,23000.0,1.0,23100.0,1.0,23200.0,1.0,23300.0,1.0,23400.0,1.0,23500.0,1.0,23600.0,1.0,23700.0,1.0
000629.SZ,2020-08-05,09:30:30,22800.0,0.0,0.0,22700.0,1.0,22600.0,1.0,22500.0,1.0,22400.0,1,22300.0,1.0,22200.0,1.0,22100.0,0.92,22000.0,1.0,21900.0,0.13,21800.0,0.36,22800.0,1.0,22900.0,1.0,23000.0,1.0,23100.0,1.0,23200.0,1.0,23300.0,1.0,23400.0,1.0,23500.0,1.0,23600.0,1.0,23700.0,1.0
000629.SZ,2020-08-05,09:30:31,22800.0,0.0,0.0,22700.0,1.0,22600.0,1.0,22500.0,1.0,22400.0,1,22300.0,1.0,22200.0,1.0,22100.0,0.92,22000.0,1.0,21900.0,0.13,21800.0,0.36,22800.0,1.0,22900.0,1.0,23000.0,1.0,23100.0,1.0,23200.0,1.0,23300.0,1.0,23400.0,1.0,23500.0,1.0,23600.0,1.0,23700.0,1.0
000629.SZ,2020-08-05,09:30:32,22800.0,1.0,22734.0,22700.0,1.0,22600.0,1.0,22500.0,1.0,22400.0,1,22300.0,1.0,22200.0,1.0,22100.0,0.92,22000.0,1.0,21900.0,0.13,21800.0,0.36,22800.0,1.0,22900.0,1.0,23000.0,1.0,23100.0,1.0,23200.0,1.0,23300.0,1.0,23400.0,1.0,23500.0,1.0,23600.0,1.0,23700.0,1.0
000629.SZ,2020-08-05,09:30:33,22800.0,0.0040816326530612,93.06122448979592,22700.0,1.0,22600.0,1.0,22500.0,1.0,22400.0,1,22300.0,1.0,22200.0,1.0,22100.0,0.92,22000.0,1.0,21900.0,0.13,21800.0,0.36,22800.0,1.0,22900.0,1.0,23000.0,1.0,23100.0,1.0,23200.0,1.0,23300.0,1.0,23400.0,1.0,23500.0,1.0,23600.0,1.0,23700.0,1.0
000629.SZ,2020-08-05,09:30:34,22800.0,0.4639455782312925,10577.959183673467,22700.0,1.0,22600.0,1.0,22500.0,1.0,22400.0,1,22300.0,1.0,22200.0,1.0,22100.0,0.92,22000.0,1.0,21900.0,0.13,21800.0,0.36,22800.0,1.0,22900.0,1.0,23000.0,1.0,23100.0,1.0,23200.0,1.0,23300.0,1.0,23400.0,1.0,23500.0,1.0,23600.0,1.0,23700.0,1.0
000629.SZ,2020-08-05,09:30:35,22800.0,0.8612244897959184,19635.918367346934,22700.0,1.0,22600.0,1.0,22500.0,1.0,22400.0,1,22300.0,1.0,22200.0,1.0,22100.0,0.92,22000.0,1.0,21900.0,0.13,21800.0,0.36,22800.0,1.0,22900.0,1.0,23000.0,1.0,23100.0,1.0,23200.0,1.0,23300.0,1.0,23400.0,1.0,23500.0,1.0,23600.0,1.0,23700.0,1.0
000629.SZ,2020-08-05,09:30:36,22800.0,0.0408163265306122,930.6122448979592,22700.0,1.0,22600.0,1.0,22500.0,1.0,22400.0,1,22300.0,1.0,22200.0,1.0,22100.0,0.92,22000.0,1.0,21900.0,0.13,21800.0,0.36,22800.0,1.0,22900.0,1.0,23000.0,1.0,23100.0,1.0,23200.0,1.0,23300.0,1.0,23400.0,1.0,23500.0,1.0,23600.0,1.0,23700.0,1.0
000629.SZ,2020-08-05,09:30:37,22800.0,0.0,0.0,22700.0,1.0,22600.0,1.0,22500.0,1.0,22400.0,1,22300.0,1.0,22200.0,1.0,22100.0,0.92,22000.0,1.0,21900.0,0.13,21800.0,0.36,22800.0,1.0,22900.0,1.0,23000.0,1.0,23100.0,1.0,23200.0,1.0,23300.0,1.0,23400.0,1.0,23500.0,1.0,23600.0,1.0,23700.0,1.0
000629.SZ,2020-08-05,09:30:38,22800.0,0.0843537414965986,1923.265306122449,22700.0,1.0,22600.0,1.0,22500.0,1.0,22400.0,1,22300.0,1.0,22200.0,1.0,22100.0,0.92,22000.0,1.0,21900.0,0.13,21800.0,0.36,22800.0,1.0,22900.0,1.0,23000.0,1.0,23100.0,1.0,23200.0,1.0,23300.0,1.0,23400.0,1.0,23500.0,1.0,23600.0,1.0,23700.0,1.0
000629.SZ,2020-08-05,09:30:39,22800.0,0.0680272108843537,1551.0204081632655,22700.0,1.0,22600.0,1.0,22500.0,1.0,22400.0,1,22300.0,1.0,22200.0,1.0,22100.0,0.92,22000.0,1.0,21900.0,0.13,21800.0,0.36,22800.0,1.0,22900.0,1.0,23000.0,1.0,23100.0,1.0,23200.0,1.0,23300.0,1.0,23400.0,1.0,23500.0,1.0,23600.0,1.0,23700.0,1.0
000629.SZ,2020-08-05,09:30:40,22800.0,0.1482993197278911,3380.038095238095,22700.0,1.0,22600.0,1.0,22500.0,1.0,22400.0,1,22300.0,1.0,22200.0,1.0,22100.0,0.92,22000.0,1.0,21900.0,0.13,21800.0,0.36,22800.0,1.0,22900.0,1.0,23000.0,1.0,23100.0,1.0,23200.0,1.0,23300.0,1.0,23400.0,1.0,23500.0,1.0,23600.0,1.0,23700.0,1.0
000629.SZ,2020-08-05,09:30:41,22700.0,0.363265306122449,8282.448979591838,22700.0,1.0,22600.0,1.0,22500.0,1.0,22400.0,1,22300.0,1.0,22200.0,1.0,22100.0,0.92,22000.0,1.0,21900.0,0.13,21800.0,0.36,22800.0,1.0,22900.0,1.0,23000.0,1.0,23100.0,1.0,23200.0,1.0,23300.0,1.0,23400.0,1.0,23500.0,1.0,23600.0,1.0,23700.0,1.0
000629.SZ,2020-08-05,09:30:42,22800.0,0.0666666666666666,1520.0,22700.0,1.0,22600.0,1.0,22500.0,1.0,22400.0,1,22300.0,1.0,22200.0,1.0,22100.0,0.92,22000.0,1.0,21900.0,0.13,21800.0,0.36,22800.0,1.0,22900.0,1.0,23000.0,1.0,23100.0,1.0,23200.0,1.0,23300.0,1.0,23400.0,1.0,23500.0,1.0,23600.0,1.0,23700.0,1.0
000629.SZ,2020-08-05,09:30:43,22800.0,1.0,22800.0,22700.0,1.0,22600.0,1.0,22500.0,1.0,22400.0,1,22300.0,1.0,22200.0,1.0,22100.0,0.92,22000.0,1.0,21900.0,0.13,21800.0,0.36,22800.0,1.0,22900.0,1.0,23000.0,1.0,23100.0,1.0,23200.0,1.0,23300.0,1.0,23400.0,1.0,23500.0,1.0,23600.0,1.0,23700.0,1.0
000629.SZ,2020-08-05,09:30:44,22800.0,0.1863945578231292,4249.7959183673465,22700.0,1.0,22600.0,1.0,22500.0,1.0,22400.0,1,22300.0,1.0,22200.0,1.0,22100.0,0.92,22000.0,1.0,21900.0,0.13,21800.0,0.36,22800.0,1.0,22900.0,1.0,23000.0,1.0,23100.0,1.0,23200.0,1.0,23300.0,1.0,23400.0,1.0,23500.0,1.0,23600.0,1.0,23700.0,1.0
000629.SZ,2020-08-05,09:30:45,22800.0,0.3129251700680272,7103.401360544218,22700.0,1.0,22600.0,1.0,22500.0,1.0,22400.0,1,22300.0,1.0,22200.0,1.0,22100.0,0.92,22000.0,1.0,21900.0,0.13,21800.0,0.36,22800.0,1.0,22900.0,1.0,23000.0,1.0,23100.0,1.0,23200.0,1.0,23300.0,1.0,23400.0,1.0,23500.0,1.0,23600.0,1.0,23700.0,1.0
000629.SZ,2020-08-05,09:30:46,22700.0,0.0163265306122449,372.2448979591837,22700.0,1.0,22600.0,1.0,22500.0,1.0,22400.0,1,22300.0,1.0,22200.0,1.0,22100.0,0.92,22000.0,1.0,21900.0,0.13,21800.0,0.36,22800.0,1.0,22900.0,1.0,23000.0,1.0,23100.0,1.0,23200.0,1.0,23300.0,1.0,23400.0,1.0,23500.0,1.0,23600.0,1.0,23700.0,1.0
000629.SZ,2020-08-05,09:30:47,22800.0,1.0,22700.0,22700.0,1.0,22600.0,1.0,22500.0,1.0,22400.0,1,22300.0,1.0,22200.0,1.0,22100.0,0.92,22000.0,1.0,21900.0,0.13,21800.0,0.36,22800.0,1.0,22900.0,1.0,23000.0,1.0,23100.0,1.0,23200.0,1.0,23300.0,1.0,23400.0,1.0,23500.0,1.0,23600.0,1.0,23700.0,1.0
000629.SZ,2020-08-05,09:30:48,22700.0,0.2176870748299319,4963.265306122449,22700.0,1.0,22600.0,1.0,22500.0,1.0,22400.0,1,22300.0,1.0,22200.0,1.0,22100.0,0.92,22000.0,1.0,21900.0,0.13,21800.0,0.36,22800.0,1.0,22900.0,1.0,23000.0,1.0,23100.0,1.0,23200.0,1.0,23300.0,1.0,23400.0,1.0,23500.0,1.0,23600.0,1.0,23700.0,1.0
000629.SZ,2020-08-05,09:30:49,22800.0,0.145578231292517,3319.183673469388,22700.0,1.0,22600.0,1.0,22500.0,1.0,22400.0,1,22300.0,1.0,22200.0,1.0,22100.0,1.0,22000.0,1.0,21900.0,0.13,21800.0,0.36,22800.0,1.0,22900.0,1.0,23000.0,1.0,23100.0,1.0,23200.0,1.0,23300.0,1.0,23400.0,1.0,23500.0,1.0,23600.0,1.0,23700.0,1.0
000629.SZ,2020-08-05,09:30:50,22800.0,1.0,22800.0,22700.0,1.0,22600.0,1.0,22500.0,1.0,22400.0,1,22300.0,1.0,22200.0,1.0,22100.0,1.0,22000.0,1.0,21900.0,0.13,21800.0,0.36,22800.0,1.0,22900.0,1.0,23000.0,1.0,23100.0,1.0,23200.0,1.0,23300.0,1.0,23400.0,1.0,23500.0,1.0,23600.0,1.0,23700.0,1.0
000629.SZ,2020-08-05,09:30:51,22800.0,0.0721088435374149,1644.0816326530612,22700.0,1.0,22600.0,1.0,22500.0,1.0,22400.0,1,22300.0,1.0,22200.0,1.0,22100.0,1.0,22000.0,1.0,21900.0,0.13,21800.0,0.36,22800.0,1.0,22900.0,1.0,23000.0,1.0,23100.0,1.0,23200.0,1.0,23300.0,1.0,23400.0,1.0,23500.0,1.0,23600.0,1.0,23700.0,1.0
000629.SZ,2020-08-05,09:30:52,22800.0,0.4435374149659864,10070.073469387757,22700.0,1.0,22600.0,1.0,22500.0,1.0,22400.0,1,22300.0,1.0,22200.0,1.0,22100.0,1.0,22000.0,1.0,21900.0,0.13,21800.0,0.36,22800.0,1.0,22900.0,1.0,23000.0,1.0,23100.0,1.0,23200.0,1.0,23300.0,1.0,23400.0,1.0,23500.0,1.0,23600.0,1.0,23700.0,1.0
000629.SZ,2020-08-05,09:30:53,22700.0,0.0625850340136054,1426.2503401360543,22700.0,1.0,22600.0,1.0,22500.0,1.0,22400.0,1,22300.0,1.0,22200.0,1.0,22100.0,1.0,22000.0,1.0,21900.0,0.13,21800.0,0.36,22800.0,1.0,22900.0,1.0,23000.0,1.0,23100.0,1.0,23200.0,1.0,23300.0,1.0,23400.0,1.0,23500.0,1.0,23600.0,1.0,23700.0,1.0
000629.SZ,2020-08-05,09:30:54,22700.0,0.0136054421768707,310.2040816326531,22700.0,1.0,22600.0,1.0,22500.0,1.0,22400.0,1,22300.0,1.0,22200.0,1.0,22100.0,1.0,22000.0,1.0,21900.0,0.13,21800.0,0.36,22800.0,1.0,22900.0,1.0,23000.0,1.0,23100.0,1.0,23200.0,1.0,23300.0,1.0,23400.0,1.0,23500.0,1.0,23600.0,1.0,23700.0,1.0
000629.SZ,2020-08-05,09:30:55,22800.0,1.0,22700.0,22700.0,1.0,22600.0,1.0,22500.0,1.0,22400.0,1,22300.0,1.0,22200.0,1.0,22100.0,1.0,22000.0,1.0,21900.0,0.13,21800.0,0.36,22800.0,1.0,22900.0,1.0,23000.0,1.0,23100.0,1.0,23200.0,1.0,23300.0,1.0,23400.0,1.0,23500.0,1.0,23600.0,1.0,23700.0,1.0
000629.SZ,2020-08-05,09:30:56,22700.0,0.0421768707482993,961.6326530612243,22700.0,1.0,22600.0,1.0,22500.0,1.0,22400.0,1,22300.0,1.0,22200.0,1.0,22100.0,1.0,22000.0,1.0,21900.0,0.13,21800.0,0.36,22800.0,1.0,22900.0,1.0,23000.0,1.0,23100.0,1.0,23200.0,1.0,23300.0,1.0,23400.0,1.0,23500.0,1.0,23600.0,1.0,23700.0,1.0
000629.SZ,2020-08-05,09:30:57,22800.0,0.4136054421768707,9388.843537414965,22700.0,1.0,22600.0,1.0,22500.0,1.0,22400.0,1,22300.0,1.0,22200.0,1.0,22100.0,1.0,22000.0,1.0,21900.0,0.13,21800.0,0.36,22800.0,1.0,22900.0,1.0,23000.0,1.0,23100.0,1.0,23200.0,1.0,23300.0,1.0,23400.0,1.0,23500.0,1.0,23600.0,1.0,23700.0,1.0
000629.SZ,2020-08-05,09:30:58,22700.0,0.2081632653061224,4732.383673469388,22700.0,1.0,22600.0,1.0,22500.0,1.0,22400.0,1,22300.0,1.0,22200.0,1.0,22100.0,1.0,22000.0,1.0,21900.0,0.13,21800.0,0.36,22800.0,1.0,22900.0,1.0,23000.0,1.0,23100.0,1.0,23200.0,1.0,23300.0,1.0,23400.0,1.0,23500.0,1.0,23600.0,1.0,23700.0,1.0
000629.SZ,2020-08-05,09:30:59,22800.0,0.145578231292517,3304.6258503401364,22700.0,1.0,22600.0,1.0,22500.0,1.0,22400.0,1,22300.0,1.0,22200.0,1.0,22100.0,1.0,22000.0,1.0,21900.0,0.13,21800.0,0.36,22800.0,1.0,22900.0,1.0,23000.0,1.0,23100.0,1.0,23200.0,1.0,23300.0,1.0,23400.0,1.0,23500.0,1.0,23600.0,1.0,23700.0,1.0
000629.SZ,2020-08-05,09:31:00,22700.0,0.1795918367346938,4089.126530612245,22700.0,1.0,22600.0,1.0,22500.0,1.0,22400.0,1,22300.0,1.0,22200.0,1.0,22100.0,1.0,22000.0,1.0,21900.0,0.13,21800.0,0.36,22800.0,1.0,22900.0,1.0,23000.0,1.0,23100.0,1.0,23200.0,1.0,23300.0,1.0,23400.0,1.0,23500.0,1.0,23600.0,1.0,23700.0,1.0
000629.SZ,2020-08-05,09:31:01,22700.0,0.0,0.0,22700.0,1.0,22600.0,1.0,22500.0,1.0,22400.0,1,22300.0,1.0,22200.0,1.0,22100.0,1.0,22000.0,1.0,21900.0,0.13,21800.0,0.36,22800.0,1.0,22900.0,1.0,23000.0,1.0,23100.0,1.0,23200.0,1.0,23300.0,1.0,23400.0,1.0,23500.0,1.0,23600.0,1.0,23700.0,1.0
000629.SZ,2020-08-05,09:31:02,22700.0,0.2448979591836734,5559.183673469388,22700.0,1.0,22600.0,1.0,22500.0,1.0,22400.0,1,22300.0,1.0,22200.0,1.0,22100.0,1.0,22000.0,1.0,21900.0,0.13,21800.0,0.36,22800.0,1.0,22900.0,1.0,23000.0,1.0,23100.0,1.0,23200.0,1.0,23300.0,1.0,23400.0,1.0,23500.0,1.0,23600.0,1.0,23700.0,1.0
000629.SZ,2020-08-05,09:31:03,22700.0,0.0408163265306122,930.6122448979592,22700.0,1.0,22600.0,1.0,22500.0,1.0,22400.0,1,22300.0,1.0,22200.0,1.0,22100.0,1.0,22000.0,1.0,21900.0,0.13,21800.0,0.36,22800.0,1.0,22900.0,1.0,23000.0,1.0,23100.0,1.0,23200.0,1.0,23300.0,1.0,23400.0,1.0,23500.0,1.0,23600.0,1.0,23700.0,1.0
000629.SZ,2020-08-05,09:31:04,22800.0,0.8639455782312925,19697.09523809524,22700.0,1.0,22600.0,1.0,22500.0,1.0,22400.0,1,22300.0,1.0,22200.0,1.0,22100.0,1.0,22000.0,1.0,21900.0,0.13,21800.0,0.45,22800.0,1.0,22900.0,1.0,23000.0,1.0,23100.0,1.0,23200.0,1.0,23300.0,1.0,23400.0,1.0,23500.0,1.0,23600.0,1.0,23700.0,1.0
000629.SZ,2020-08-05,09:31:05,22800.0,0.3931972789115646,8928.330612244898,22700.0,1.0,22600.0,1.0,22500.0,1.0,22400.0,1,22300.0,1.0,22200.0,1.0,22100.0,1.0,22000.0,1.0,21900.0,0.13,21800.0,0.45,22800.0,1.0,22900.0,1.0,23000.0,1.0,23100.0,1.0,23200.0,1.0,23300.0,1.0,23400.0,1.0,23500.0,1.0,23600.0,1.0,23700.0,1.0
000629.SZ,2020-08-05,09:31:06,22700.0,0.1918367346938775,4373.877551020408,22700.0,1.0,22600.0,1.0,22500.0,1.0,22400.0,1,22300.0,1.0,22200.0,1.0,22100.0,1.0,22000.0,1.0,21900.0,0.13,21800.0,0.45,22800.0,1.0,22900.0,1.0,23000.0,1.0,23100.0,1.0,23200.0,1.0,23300.0,1.0,23400.0,1.0,23500.0,1.0,23600.0,1.0,23700.0,1.0
000629.SZ,2020-08-05,09:31:07,22800.0,0.0938775510204081,2131.020408163265,22700.0,1.0,22600.0,1.0,22500.0,1.0,22400.0,1,22300.0,1.0,22200.0,1.0,22100.0,1.0,22000.0,1.0,21900.0,0.13,21800.0,0.45,22800.0,1.0,22900.0,1.0,23000.0,1.0,23100.0,1.0,23200.0,1.0,23300.0,1.0,23400.0,1.0,23500.0,1.0,23600.0,1.0,23700.0,1.0
000629.SZ,2020-08-05,09:31:08,22700.0,0.8435374149659864,19232.65306122449,22700.0,1.0,22600.0,1.0,22500.0,1.0,22400.0,1,22300.0,1.0,22200.0,1.0,22100.0,1.0,22000.0,1.0,21900.0,0.13,21800.0,0.45,22800.0,1.0,22900.0,1.0,23000.0,1.0,23100.0,1.0,23200.0,1.0,23300.0,1.0,23400.0,1.0,23500.0,1.0,23600.0,1.0,23700.0,1.0
000629.SZ,2020-08-05,09:31:09,22800.0,0.0707482993197279,1613.061224489796,22700.0,1.0,22600.0,1.0,22500.0,1.0,22400.0,1,22300.0,1.0,22200.0,1.0,22100.0,1.0,22000.0,1.0,21900.0,0.13,21800.0,0.45,22800.0,1.0,22900.0,1.0,23000.0,1.0,23100.0,1.0,23200.0,1.0,23300.0,1.0,23400.0,1.0,23500.0,1.0,23600.0,1.0,23700.0,1.0
000629.SZ,2020-08-05,09:31:10,22800.0,0.0816326530612244,1854.3673469387757,22700.0,1.0,22600.0,1.0,22500.0,1.0,22400.0,1,22300.0,1.0,22200.0,1.0,22100.0,1.0,22000.0,1.0,21900.0,0.13,21800.0,0.45,22800.0,1.0,22900.0,1.0,23000.0,1.0,23100.0,1.0,23200.0,1.0,23300.0,1.0,23400.0,1.0,23500.0,1.0,23600.0,1.0,23700.0,1.0
000629.SZ,2020-08-05,09:31:11,22700.0,0.6340136054421769,14392.108843537417,22700.0,1.0,22600.0,1.0,22500.0,1.0,22400.0,1,22300.0,1.0,22200.0,1.0,22100.0,1.0,22000.0,1.0,21900.0,0.13,21800.0,0.45,22800.0,1.0,22900.0,1.0,23000.0,1.0,23100.0,1.0,23200.0,1.0,23300.0,1.0,23400.0,1.0,23500.0,1.0,23600.0,1.0,23700.0,1.0
000629.SZ,2020-08-05,09:31:12,22700.0,0.091156462585034,2069.2517006802723,22700.0,1.0,22600.0,1.0,22500.0,1.0,22400.0,1,22300.0,1.0,22200.0,1.0,22100.0,1.0,22000.0,1.0,21900.0,0.13,21800.0,0.45,22800.0,1.0,22900.0,1.0,23000.0,1.0,23100.0,1.0,23200.0,1.0,23300.0,1.0,23400.0,1.0,23500.0,1.0,23600.0,1.0,23700.0,1.0
000629.SZ,2020-08-05,09:31:13,22700.0,0.0136054421768707,310.2040816326531,22700.0,1.0,22600.0,1.0,22500.0,1.0,22400.0,1,22300.0,1.0,22200.0,1.0,22100.0,1.0,22000.0,1.0,21900.0,0.13,21800.0,0.45,22800.0,1.0,22900.0,1.0,23000.0,1.0,23100.0,1.0,23200.0,1.0,23300.0,1.0,23400.0,1.0,23500.0,1.0,23600.0,1.0,23700.0,1.0
000629.SZ,2020-08-05,09:31:14,22800.0,0.0,0.0,22700.0,1.0,22600.0,1.0,22500.0,1.0,22400.0,1,22300.0,1.0,22200.0,1.0,22100.0,1.0,22000.0,1.0,21900.0,0.13,21800.0,0.45,22800.0,1.0,22900.0,1.0,23000.0,1.0,23100.0,1.0,23200.0,1.0,23300.0,1.0,23400.0,1.0,23500.0,1.0,23600.0,1.0,23700.0,1.0
000629.SZ,2020-08-05,09:31:15,22800.0,0.0,0.0,22700.0,1.0,22600.0,1.0,22500.0,1.0,22400.0,1,22300.0,1.0,22200.0,1.0,22100.0,1.0,22000.0,1.0,21900.0,0.13,21800.0,0.45,22800.0,1.0,22900.0,1.0,23000.0,1.0,23100.0,1.0,23200.0,1.0,23300.0,1.0,23400.0,1.0,23500.0,1.0,23600.0,1.0,23700.0,1.0
000629.SZ,2020-08-05,09:31:16,22800.0,0.0,0.0,22700.0,1.0,22600.0,1.0,22500.0,1.0,22400.0,1,22300.0,1.0,22200.0,1.0,22100.0,1.0,22000.0,1.0,21900.0,0.13,21800.0,0.45,22800.0,1.0,22900.0,1.0,23000.0,1.0,23100.0,1.0,23200.0,1.0,23300.0,1.0,23400.0,1.0,23500.0,1.0,23600.0,1.0,23700.0,1.0
000629.SZ,2020-08-05,09:31:17,22800.0,0.0,0.0,22700.0,1.0,22600.0,1.0,22500.0,1.0,22400.0,1,22300.0,1.0,22200.0,1.0,22100.0,1.0,22000.0,1.0,21900.0,0.13,21800.0,0.45,22800.0,1.0,22900.0,1.0,23000.0,1.0,23100.0,1.0,23200.0,1.0,23300.0,1.0,23400.0,1.0,23500.0,1.0,23600.0,1.0,23700.0,1.0
000629.SZ,2020-08-05,09:31:18,22800.0,0.25578231292517,5824.930612244898,22700.0,1.0,22600.0,1.0,22500.0,1.0,22400.0,1,22300.0,1.0,22200.0,1.0,22100.0,1.0,22000.0,1.0,21900.0,0.13,21800.0,0.45,22800.0,1.0,22900.0,1.0,23000.0,1.0,23100.0,1.0,23200.0,1.0,23300.0,1.0,23400.0,1.0,23500.0,1.0,23600.0,1.0,23700.0,1.0
000629.SZ,2020-08-05,09:31:19,22800.0,0.0027210884353741,62.04081632653061,22700.0,1.0,22600.0,1.0,22500.0,1.0,22400.0,1,22300.0,1.0,22200.0,1.0,22100.0,1.0,22000.0,1.0,21900.0,0.13,21800.0,0.45,22800.0,1.0,22900.0,1.0,23000.0,1.0,23100.0,1.0,23200.0,1.0,23300.0,1.0,23400.0,1.0,23500.0,1.0,23600.0,1.0,23700.0,1.0
000629.SZ,2020-08-05,09:31:20,22800.0,0.1170068027210884,2667.7551020408164,22700.0,1.0,22600.0,1.0,22500.0,1.0,22400.0,1,22300.0,1.0,22200.0,1.0,22100.0,1.0,22000.0,1.0,21900.0,0.13,21800.0,0.45,22800.0,1.0,22900.0,1.0,23000.0,1.0,23100.0,1.0,23200.0,1.0,23300.0,1.0,23400.0,1.0,23500.0,1.0,23600.0,1.0,23700.0,1.0
000629.SZ,2020-08-05,09:31:21,22800.0,0.4571428571428571,10403.2,22700.0,1.0,22600.0,1.0,22500.0,1.0,22400.0,1,22300.0,1.0,22200.0,1.0,22100.0,1.0,22000.0,1.0,21900.0,0.13,21800.0,0.45,22800.0,1.0,22900.0,1.0,23000.0,1.0,23100.0,1.0,23200.0,1.0,23300.0,1.0,23400.0,1.0,23500.0,1.0,23600.0,1.0,23700.0,1.0
000629.SZ,2020-08-05,09:31:22,22700.0,1.0,22800.0,22700.0,1.0,22600.0,1.0,22500.0,1.0,22400.0,1,22300.0,1.0,22200.0,1.0,22100.0,1.0,22000.0,1.0,21900.0,0.13,21800.0,0.45,22800.0,1.0,22900.0,1.0,23000.0,1.0,23100.0,1.0,23200.0,1.0,23300.0,1.0,23400.0,1.0,23500.0,1.0,23600.0,1.0,23700.0,1.0
000629.SZ,2020-08-05,09:31:23,22800.0,0.3523809523809524,8034.285714285715,22700.0,1.0,22600.0,1.0,22500.0,1.0,22400.0,1,22300.0,1.0,22200.0,1.0,22100.0,1.0,22000.0,1.0,21900.0,0.13,21800.0,0.45,22800.0,1.0,22900.0,1.0,23000.0,1.0,23100.0,1.0,23200.0,1.0,23300.0,1.0,23400.0,1.0,23500.0,1.0,23600.0,1.0,23700.0,1.0
000629.SZ,2020-08-05,09:31:24,22800.0,0.0,0.0,22700.0,1.0,22600.0,1.0,22500.0,1.0,22400.0,1,22300.0,1.0,22200.0,1.0,22100.0,1.0,22000.0,1.0,21900.0,0.13,21800.0,0.45,22800.0,1.0,22900.0,1.0,23000.0,1.0,23100.0,1.0,23200.0,1.0,23300.0,1.0,23400.0,1.0,23500.0,1.0,23600.0,1.0,23700.0,1.0
000629.SZ,2020-08-05,09:31:25,22800.0,1.0,22791.0,22700.0,1.0,22600.0,1.0,22500.0,1.0,22400.0,1,22300.0,1.0,22200.0,1.0,22100.0,1.0,22000.0,1.0,21900.0,0.13,21800.0,0.45,22800.0,1.0,22900.0,1.0,23000.0,1.0,23100.0,1.0,23200.0,1.0,23300.0,1.0,23400.0,1.0,23500.0,1.0,23600.0,1.0,23700.0,1.0
000629.SZ,2020-08-05,09:31:26,22800.0,0.5986394557823129,13648.979591836734,22700.0,1.0,22600.0,1.0,22500.0,1.0,22400.0,1,22300.0,1.0,22200.0,1.0,22100.0,1.0,22000.0,1.0,21900.0,0.13,21800.0,0.45,22800.0,1.0,22900.0,1.0,23000.0,1.0,23100.0,1.0,23200.0,1.0,23300.0,1.0,23400.0,1.0,23500.0,1.0,23600.0,1.0,23700.0,1.0
000629.SZ,2020-08-05,09:31:27,22800.0,0.0,0.0,22700.0,1.0,22600.0,1.0,22500.0,1.0,22400.0,1,22300.0,1.0,22200.0,1.0,22100.0,1.0,22000.0,1.0,21900.0,0.13,21800.0,0.45,22800.0,1.0,22900.0,1.0,23000.0,1.0,23100.0,1.0,23200.0,1.0,23300.0,1.0,23400.0,1.0,23500.0,1.0,23600.0,1.0,23700.0,1.0
000629.SZ,2020-08-05,09:31:28,22800.0,0.0639455782312925,1457.9591836734694,22700.0,1.0,22600.0,1.0,22500.0,1.0,22400.0,1,22300.0,1.0,22200.0,1.0,22100.0,1.0,22000.0,1.0,21900.0,0.13,21800.0,0.45,22800.0,1.0,22900.0,1.0,23000.0,1.0,23100.0,1.0,23200.0,1.0,23300.0,1.0,23400.0,1.0,23500.0,1.0,23600.0,1.0,23700.0,1.0
000629.SZ,2020-08-05,09:31:29,22800.0,0.091156462585034,2078.3673469387754,22700.0,1.0,22600.0,1.0,22500.0,1.0,22400.0,1,22300.0,1.0,22200.0,1.0,22100.0,1.0,22000.0,1.0,21900.0,0.13,21800.0,0.45,22800.0,1.0,22900.0,1.0,23000.0,1.0,23100.0,1.0,23200.0,1.0,23300.0,1.0,23400.0,1.0,23500.0,1.0,23600.0,1.0,23700.0,1.0
000629.SZ,2020-08-05,09:31:30,22800.0,0.5156462585034014,11747.968707482994,22700.0,1.0,22600.0,1.0,22500.0,1.0,22400.0,1,22300.0,1.0,22200.0,1.0,22100.0,1.0,22000.0,1.0,21900.0,0.13,21800.0,0.45,22800.0,1.0,22900.0,1.0,23000.0,1.0,23100.0,1.0,23200.0,1.0,23300.0,1.0,23400.0,1.0,23500.0,1.0,23600.0,1.0,23700.0,1.0
000629.SZ,2020-08-05,09:31:31,22800.0,0.0,0.0,22700.0,1.0,22600.0,1.0,22500.0,1.0,22400.0,1,22300.0,1.0,22200.0,1.0,22100.0,1.0,22000.0,1.0,21900.0,0.13,21800.0,0.45,22800.0,1.0,22900.0,1.0,23000.0,1.0,23100.0,1.0,23200.0,1.0,23300.0,1.0,23400.0,1.0,23500.0,1.0,23600.0,1.0,23700.0,1.0
000629.SZ,2020-08-05,09:31:32,22800.0,0.0612244897959183,1395.9183673469388,22700.0,1.0,22600.0,1.0,22500.0,1.0,22400.0,1,22300.0,1.0,22200.0,1.0,22100.0,1.0,22000.0,1.0,21900.0,0.13,21800.0,0.45,22800.0,1.0,22900.0,1.0,23000.0,1.0,23100.0,1.0,23200.0,1.0,23300.0,1.0,23400.0,1.0,23500.0,1.0,23600.0,1.0,23700.0,1.0
000629.SZ,2020-08-05,09:31:33,22800.0,1.0,22799.0,22700.0,1.0,22600.0,1.0,22500.0,1.0,22400.0,1,22300.0,1.0,22200.0,1.0,22100.0,1.0,22000.0,1.0,21900.0,0.13,21800.0,0.45,22800.0,1.0,22900.0,1.0,23000.0,1.0,23100.0,1.0,23200.0,1.0,23300.0,1.0,23400.0,1.0,23500.0,1.0,23600.0,1.0,23700.0,1.0
000629.SZ,2020-08-05,09:31:34,22700.0,1.0,22800.0,22800.0,1.0,22700.0,1.0,22600.0,1.0,22500.0,1,22400.0,1.0,22300.0,1.0,22200.0,1.0,22100.0,1.0,22000.0,1.0,21900.0,0.13,22900.0,1.0,23000.0,1.0,23100.0,1.0,23200.0,1.0,23300.0,1.0,23400.0,1.0,23500.0,1.0,23600.0,1.0,23700.0,1.0,23800.0,1.0
000629.SZ,2020-08-05,09:31:35,22800.0,0.0,0.0,22800.0,1.0,22700.0,1.0,22600.0,1.0,22500.0,1,22400.0,1.0,22300.0,1.0,22200.0,1.0,22100.0,1.0,22000.0,1.0,21900.0,0.13,22900.0,1.0,23000.0,1.0,23100.0,1.0,23200.0,1.0,23300.0,1.0,23400.0,1.0,23500.0,1.0,23600.0,1.0,23700.0,1.0,23800.0,1.0
000629.SZ,2020-08-05,09:31:36,22800.0,0.0,0.0,22800.0,1.0,22700.0,1.0,22600.0,1.0,22500.0,1,22400.0,1.0,22300.0,1.0,22200.0,1.0,22100.0,1.0,22000.0,1.0,21900.0,0.13,22900.0,1.0,23000.0,1.0,23100.0,1.0,23200.0,1.0,23300.0,1.0,23400.0,1.0,23500.0,1.0,23600.0,1.0,23700.0,1.0,23800.0,1.0
000629.SZ,2020-08-05,09:31:37,22800.0,0.0993197278911564,2270.7469387755104,22800.0,1.0,22700.0,1.0,22600.0,1.0,22500.0,1,22400.0,1.0,22300.0,1.0,22200.0,1.0,22100.0,1.0,22000.0,1.0,21900.0,0.13,22900.0,1.0,23000.0,1.0,23100.0,1.0,23200.0,1.0,23300.0,1.0,23400.0,1.0,23500.0,1.0,23600.0,1.0,23700.0,1.0,23800.0,1.0
000629.SZ,2020-08-05,09:31:38,22800.0,0.0680272108843537,1556.4625850340135,22800.0,1.0,22700.0,1.0,22600.0,1.0,22500.0,1,22400.0,1.0,22300.0,1.0,22200.0,1.0,22100.0,1.0,22000.0,1.0,21900.0,0.13,22900.0,1.0,23000.0,1.0,23100.0,1.0,23200.0,1.0,23300.0,1.0,23400.0,1.0,23500.0,1.0,23600.0,1.0,23700.0,1.0,23800.0,1.0
000629.SZ,2020-08-05,09:31:39,22900.0,0.0544217687074829,1240.8163265306123,22800.0,1.0,22700.0,1.0,22600.0,1.0,22500.0,1,22400.0,1.0,22300.0,1.0,22200.0,1.0,22100.0,1.0,22000.0,1.0,21900.0,0.13,22900.0,1.0,23000.0,1.0,23100.0,1.0,23200.0,1.0,23300.0,1.0,23400.0,1.0,23500.0,1.0,23600.0,1.0,23700.0,1.0,23800.0,1.0
000629.SZ,2020-08-05,09:31:40,22800.0,0.0,0.0,22800.0,1.0,22700.0,1.0,22600.0,1.0,22500.0,1,22400.0,1.0,22300.0,1.0,22200.0,1.0,22100.0,1.0,22000.0,1.0,21900.0,0.13,22900.0,1.0,23000.0,1.0,23100.0,1.0,23200.0,1.0,23300.0,1.0,23400.0,1.0,23500.0,1.0,23600.0,1.0,23700.0,1.0,23800.0,1.0
000629.SZ,2020-08-05,09:31:41,22800.0,0.0136054421768707,310.2040816326531,22800.0,1.0,22700.0,1.0,22600.0,1.0,22500.0,1,22400.0,1.0,22300.0,1.0,22200.0,1.0,22100.0,1.0,22000.0,1.0,21900.0,0.13,22900.0,1.0,23000.0,1.0,23100.0,1.0,23200.0,1.0,23300.0,1.0,23400.0,1.0,23500.0,1.0,23600.0,1.0,23700.0,1.0,23800.0,1.0
000629.SZ,2020-08-05,09:31:42,22800.0,0.0,0.0,22800.0,1.0,22700.0,1.0,22600.0,1.0,22500.0,1,22400.0,1.0,22300.0,1.0,22200.0,1.0,22100.0,1.0,22000.0,1.0,21900.0,0.13,22900.0,1.0,23000.0,1.0,23100.0,1.0,23200.0,1.0,23300.0,1.0,23400.0,1.0,23500.0,1.0,23600.0,1.0,23700.0,1.0,23800.0,1.0
000629.SZ,2020-08-05,09:31:43,22800.0,0.0,0.0,22800.0,1.0,22700.0,1.0,22600.0,1.0,22500.0,1,22400.0,1.0,22300.0,1.0,22200.0,1.0,22100.0,1.0,22000.0,1.0,21900.0,0.13,22900.0,1.0,23000.0,1.0,23100.0,1.0,23200.0,1.0,23300.0,1.0,23400.0,1.0,23500.0,1.0,23600.0,1.0,23700.0,1.0,23800.0,1.0
000629.SZ,2020-08-05,09:31:44,22800.0,0.0,0.0,22800.0,1.0,22700.0,1.0,22600.0,1.0,22500.0,1,22400.0,1.0,22300.0,1.0,22200.0,1.0,22100.0,1.0,22000.0,1.0,21900.0,0.13,22900.0,1.0,23000.0,1.0,23100.0,1.0,23200.0,1.0,23300.0,1.0,23400.0,1.0,23500.0,1.0,23600.0,1.0,23700.0,1.0,23800.0,1.0
000629.SZ,2020-08-05,09:31:45,22800.0,0.0,0.0,22800.0,1.0,22700.0,1.0,22600.0,1.0,22500.0,1,22400.0,1.0,22300.0,1.0,22200.0,1.0,22100.0,1.0,22000.0,1.0,21900.0,0.13,22900.0,1.0,23000.0,1.0,23100.0,1.0,23200.0,1.0,23300.0,1.0,23400.0,1.0,23500.0,1.0,23600.0,1.0,23700.0,1.0,23800.0,1.0
000629.SZ,2020-08-05,09:31:46,22800.0,0.1360544217687075,3102.040816326531,22800.0,1.0,22700.0,1.0,22600.0,1.0,22500.0,1,22400.0,1.0,22300.0,1.0,22200.0,1.0,22100.0,1.0,22000.0,1.0,21900.0,0.13,22900.0,1.0,23000.0,1.0,23100.0,1.0,23200.0,1.0,23300.0,1.0,23400.0,1.0,23500.0,1.0,23600.0,1.0,23700.0,1.0,23800.0,1.0
000629.SZ,2020-08-05,09:31:47,22800.0,0.0571428571428571,1305.942857142857,22800.0,1.0,22700.0,1.0,22600.0,1.0,22500.0,1,22400.0,1.0,22300.0,1.0,22200.0,1.0,22100.0,1.0,22000.0,1.0,21900.0,0.13,22900.0,1.0,23000.0,1.0,23100.0,1.0,23200.0,1.0,23300.0,1.0,23400.0,1.0,23500.0,1.0,23600.0,1.0,23700.0,1.0,23800.0,1.0
000629.SZ,2020-08-05,09:31:48,22900.0,1.0,22800.0,22700.0,1.0,22600.0,1.0,22500.0,1.0,22400.0,1,22300.0,1.0,22200.0,1.0,22100.0,1.0,22000.0,1.0,21900.0,0.13,21800.0,0.45,22800.0,1.0,22900.0,1.0,23000.0,1.0,23100.0,1.0,23200.0,1.0,23300.0,1.0,23400.0,1.0,23500.0,1.0,23600.0,1.0,23700.0,1.0
000629.SZ,2020-08-05,09:31:49,22800.0,0.1183673469387755,2696.171428571429,22700.0,1.0,22600.0,1.0,22500.0,1.0,22400.0,1,22300.0,1.0,22200.0,1.0,22100.0,1.0,22000.0,1.0,21900.0,0.13,21800.0,0.45,22800.0,1.0,22900.0,1.0,23000.0,1.0,23100.0,1.0,23200.0,1.0,23300.0,1.0,23400.0,1.0,23500.0,1.0,23600.0,1.0,23700.0,1.0
000629.SZ,2020-08-05,09:31:50,22800.0,0.0312925170068027,713.4693877551022,22700.0,1.0,22600.0,1.0,22500.0,1.0,22400.0,1,22300.0,1.0,22200.0,1.0,22100.0,1.0,22000.0,1.0,21900.0,0.13,21800.0,0.45,22800.0,1.0,22900.0,1.0,23000.0,1.0,23100.0,1.0,23200.0,1.0,23300.0,1.0,23400.0,1.0,23500.0,1.0,23600.0,1.0,23700.0,1.0
000629.SZ,2020-08-05,09:31:51,22800.0,0.0680272108843537,1551.0204081632655,22700.0,1.0,22600.0,1.0,22500.0,1.0,22400.0,1,22300.0,1.0,22200.0,1.0,22100.0,1.0,22000.0,1.0,21900.0,0.13,21800.0,0.45,22800.0,1.0,22900.0,1.0,23000.0,1.0,23100.0,1.0,23200.0,1.0,23300.0,1.0,23400.0,1.0,23500.0,1.0,23600.0,1.0,23700.0,1.0
000629.SZ,2020-08-05,09:31:52,22800.0,0.0258503401360544,589.3877551020408,22700.0,1.0,22600.0,1.0,22500.0,1.0,22400.0,1,22300.0,1.0,22200.0,1.0,22100.0,1.0,22000.0,1.0,21900.0,0.13,21800.0,0.45,22800.0,1.0,22900.0,1.0,23000.0,1.0,23100.0,1.0,23200.0,1.0,23300.0,1.0,23400.0,1.0,23500.0,1.0,23600.0,1.0,23700.0,1.0
000629.SZ,2020-08-05,09:31:53,22800.0,0.0,0.0,22700.0,1.0,22600.0,1.0,22500.0,1.0,22400.0,1,22300.0,1.0,22200.0,1.0,22100.0,1.0,22000.0,1.0,21900.0,0.13,21800.0,0.45,22800.0,1.0,22900.0,1.0,23000.0,1.0,23100.0,1.0,23200.0,1.0,23300.0,1.0,23400.0,1.0,23500.0,1.0,23600.0,1.0,23700.0,1.0
000629.SZ,2020-08-05,09:31:54,22800.0,0.2761904761904762,6295.209523809524,22700.0,1.0,22600.0,1.0,22500.0,1.0,22400.0,1,22300.0,1.0,22200.0,1.0,22100.0,1.0,22000.0,1.0,21900.0,0.13,21800.0,0.45,22800.0,1.0,22900.0,1.0,23000.0,1.0,23100.0,1.0,23200.0,1.0,23300.0,1.0,23400.0,1.0,23500.0,1.0,23600.0,1.0,23700.0,1.0
000629.SZ,2020-08-05,09:31:55,22800.0,1.0,22800.0,22700.0,1.0,22600.0,1.0,22500.0,1.0,22400.0,1,22300.0,1.0,22200.0,1.0,22100.0,1.0,22000.0,1.0,21900.0,0.13,21800.0,0.45,22800.0,1.0,22900.0,1.0,23000.0,1.0,23100.0,1.0,23200.0,1.0,23300.0,1.0,23400.0,1.0,23500.0,1.0,23600.0,1.0,23700.0,1.0
000629.SZ,2020-08-05,09:31:56,22800.0,0.9809523809523808,22365.714285714286,22700.0,1.0,22600.0,1.0,22500.0,1.0,22400.0,1,22300.0,1.0,22200.0,1.0,22100.0,1.0,22000.0,1.0,21900.0,0.13,21800.0,0.45,22800.0,1.0,22900.0,1.0,23000.0,1.0,23100.0,1.0,23200.0,1.0,23300.0,1.0,23400.0,1.0,23500.0,1.0,23600.0,1.0,23700.0,1.0
000629.SZ,2020-08-05,09:31:57,22800.0,0.4965986394557823,11322.448979591836,22700.0,1.0,22600.0,1.0,22500.0,1.0,22400.0,1,22300.0,1.0,22200.0,1.0,22100.0,1.0,22000.0,1.0,21900.0,0.13,21800.0,0.45,22800.0,0.71,22900.0,1.0,23000.0,1.0,23100.0,1.0,23200.0,1.0,23300.0,1.0,23400.0,1.0,23500.0,1.0,23600.0,1.0,23700.0,1.0
000629.SZ,2020-08-05,09:31:58,22800.0,0.4680272108843537,10669.616326530611,22700.0,1.0,22600.0,1.0,22500.0,1.0,22400.0,1,22300.0,1.0,22200.0,1.0,22100.0,1.0,22000.0,1.0,21900.0,0.13,21800.0,0.45,22800.0,0.52,22900.0,1.0,23000.0,1.0,23100.0,1.0,23200.0,1.0,23300.0,1.0,23400.0,1.0,23500.0,1.0,23600.0,1.0,23700.0,1.0
000629.SZ,2020-08-05,09:31:59,22800.0,0.3224489795918367,7351.836734693877,22700.0,1.0,22600.0,1.0,22500.0,1.0,22400.0,1,22300.0,1.0,22200.0,1.0,22100.0,1.0,22000.0,1.0,21900.0,0.13,21800.0,0.45,22800.0,0.39,22900.0,1.0,23000.0,1.0,23100.0,1.0,23200.0,1.0,23300.0,1.0,23400.0,1.0,23500.0,1.0,23600.0,1.0,23700.0,1.0
000629.SZ,2020-08-05,09:32:00,22800.0,0.3319727891156462,7568.9795918367345,22700.0,1.0,22600.0,1.0,22500.0,1.0,22400.0,1,22300.0,1.0,22200.0,1.0,22100.0,1.0,22000.0,1.0,21900.0,0.13,21800.0,0.45,22800.0,0.16,22900.0,1.0,23000.0,1.0,23100.0,1.0,23200.0,1.0,23300.0,1.0,23400.0,1.0,23500.0,1.0,23600.0,1.0,23700.0,1.0
000629.SZ,2020-08-05,09:32:01,22800.0,0.1469387755102041,3350.204081632653,22700.0,1.0,22600.0,1.0,22500.0,1.0,22400.0,1,22300.0,1.0,22200.0,1.0,22100.0,1.0,22000.0,1.0,21900.0,0.13,21800.0,0.45,22800.0,0.06,22900.0,1.0,23000.0,1.0,23100.0,1.0,23200.0,1.0,23300.0,1.0,23400.0,1.0,23500.0,1.0,23600.0,1.0,23700.0,1.0
000629.SZ,2020-08-05,09:32:02,22800.0,0.0598639455782312,1364.8979591836735,22700.0,1.0,22600.0,1.0,22500.0,1.0,22400.0,1,22300.0,1.0,22200.0,1.0,22100.0,1.0,22000.0,1.0,21900.0,0.13,21800.0,0.45,22800.0,0.02,22900.0,1.0,23000.0,1.0,23100.0,1.0,23200.0,1.0,23300.0,1.0,23400.0,1.0,23500.0,1.0,23600.0,1.0,23700.0,1.0
000629.SZ,2020-08-05,09:32:03,22800.0,0.0149659863945578,341.2244897959184,22700.0,1.0,22600.0,1.0,22500.0,1.0,22400.0,1,22300.0,1.0,22200.0,1.0,22100.0,1.0,22000.0,1.0,21900.0,0.13,21800.0,0.45,22800.0,0.01,22900.0,1.0,23000.0,1.0,23100.0,1.0,23200.0,1.0,23300.0,1.0,23400.0,1.0,23500.0,1.0,23600.0,1.0,23700.0,1.0
000629.SZ,2020-08-05,09:32:04,22800.0,1.0,22717.0,22800.0,0.39,22700.0,1.0,22600.0,1.0,22500.0,1,22400.0,1.0,22300.0,1.0,22200.0,1.0,22100.0,1.0,22000.0,1.0,21900.0,0.13,22900.0,1.0,23000.0,1.0,23100.0,1.0,23200.0,1.0,23300.0,1.0,23400.0,1.0,23500.0,1.0,23600.0,1.0,23700.0,1.0,23800.0,1.0
000629.SZ,2020-08-05,09:32:05,22800.0,0.0503401360544217,1147.7551020408164,22800.0,0.37,22700.0,1.0,22600.0,1.0,22500.0,1,22400.0,1.0,22300.0,1.0,22200.0,1.0,22100.0,1.0,22000.0,1.0,21900.0,0.13,22900.0,1.0,23000.0,1.0,23100.0,1.0,23200.0,1.0,23300.0,1.0,23400.0,1.0,23500.0,1.0,23600.0,1.0,23700.0,1.0,23800.0,1.0
000629.SZ,2020-08-05,09:32:06,22800.0,0.5264353741496599,12002.726530612246,22700.0,1.0,22600.0,1.0,22500.0,1.0,22400.0,1,22300.0,1.0,22200.0,1.0,22100.0,1.0,22000.0,1.0,21900.0,0.13,21800.0,0.45,22800.0,1.0,22900.0,1.0,23000.0,1.0,23100.0,1.0,23200.0,1.0,23300.0,1.0,23400.0,1.0,23500.0,1.0,23600.0,1.0,23700.0,1.0
000629.SZ,2020-08-05,09:32:07,22800.0,0.0068027210884353,155.10204081632654,22700.0,1.0,22600.0,1.0,22500.0,1.0,22400.0,1,22300.0,1.0,22200.0,1.0,22100.0,1.0,22000.0,1.0,21900.0,0.13,21800.0,0.45,22800.0,1.0,22900.0,1.0,23000.0,1.0,23100.0,1.0,23200.0,1.0,23300.0,1.0,23400.0,1.0,23500.0,1.0,23600.0,1.0,23700.0,1.0
000629.SZ,2020-08-05,09:32:08,22800.0,0.0,0.0,22700.0,1.0,22600.0,1.0,22500.0,1.0,22400.0,1,22300.0,1.0,22200.0,1.0,22100.0,1.0,22000.0,1.0,21900.0,0.13,21800.0,0.45,22800.0,1.0,22900.0,1.0,23000.0,1.0,23100.0,1.0,23200.0,1.0,23300.0,1.0,23400.0,1.0,23500.0,1.0,23600.0,1.0,23700.0,1.0
000629.SZ,2020-08-05,09:32:09,22800.0,0.0,0.0,22700.0,1.0,22600.0,1.0,22500.0,1.0,22400.0,1,22300.0,1.0,22200.0,1.0,22100.0,1.0,22000.0,1.0,21900.0,0.13,21800.0,0.45,22800.0,1.0,22900.0,1.0,23000.0,1.0,23100.0,1.0,23200.0,1.0,23300.0,1.0,23400.0,1.0,23500.0,1.0,23600.0,1.0,23700.0,1.0
000629.SZ,2020-08-05,09:32:10,22800.0,0.6353741496598639,14486.530612244898,22700.0,1.0,22600.0,1.0,22500.0,1.0,22400.0,1,22300.0,1.0,22200.0,1.0,22100.0,1.0,22000.0,1.0,21900.0,0.13,21800.0,0.45,22800.0,1.0,22900.0,1.0,23000.0,1.0,23100.0,1.0,23200.0,1.0,23300.0,1.0,23400.0,1.0,23500.0,1.0,23600.0,1.0,23700.0,1.0
000629.SZ,2020-08-05,09:32:11,22800.0,0.0,0.0,22700.0,1.0,22600.0,1.0,22500.0,1.0,22400.0,1,22300.0,1.0,22200.0,1.0,22100.0,1.0,22000.0,1.0,21900.0,0.13,21800.0,0.45,22800.0,1.0,22900.0,1.0,23000.0,1.0,23100.0,1.0,23200.0,1.0,23300.0,1.0,23400.0,1.0,23500.0,1.0,23600.0,1.0,23700.0,1.0
000629.SZ,2020-08-05,09:32:12,22800.0,0.0,0.0,22700.0,1.0,22600.0,1.0,22500.0,1.0,22400.0,1,22300.0,1.0,22200.0,1.0,22100.0,1.0,22000.0,1.0,21900.0,0.13,21800.0,0.45,22800.0,1.0,22900.0,1.0,23000.0,1.0,23100.0,1.0,23200.0,1.0,23300.0,1.0,23400.0,1.0,23500.0,1.0,23600.0,1.0,23700.0,1.0
000629.SZ,2020-08-05,09:32:13,22800.0,0.0,0.0,22700.0,1.0,22600.0,1.0,22500.0,1.0,22400.0,1,22300.0,1.0,22200.0,1.0,22100.0,1.0,22000.0,1.0,21900.0,0.13,21800.0,0.45,22800.0,1.0,22900.0,1.0,23000.0,1.0,23100.0,1.0,23200.0,1.0,23300.0,1.0,23400.0,1.0,23500.0,1.0,23600.0,1.0,23700.0,1.0
000629.SZ,2020-08-05,09:32:14,22800.0,0.0068027210884353,154.42176870748298,22700.0,1.0,22600.0,1.0,22500.0,1.0,22400.0,1,22300.0,1.0,22200.0,1.0,22100.0,1.0,22000.0,1.0,21900.0,0.13,21800.0,0.45,22800.0,1.0,22900.0,1.0,23000.0,1.0,23100.0,1.0,23200.0,1.0,23300.0,1.0,23400.0,1.0,23500.0,1.0,23600.0,1.0,23700.0,1.0
000629.SZ,2020-08-05,09:32:15,22700.0,0.0544217687074829,1240.8163265306123,22700.0,1.0,22600.0,1.0,22500.0,1.0,22400.0,1,22300.0,1.0,22200.0,1.0,22100.0,1.0,22000.0,1.0,21900.0,0.13,21800.0,0.45,22800.0,1.0,22900.0,1.0,23000.0,1.0,23100.0,1.0,23200.0,1.0,23300.0,1.0,23400.0,1.0,23500.0,1.0,23600.0,1.0,23700.0,1.0
000629.SZ,2020-08-05,09:32:16,22800.0,0.0081632653061224,185.3061224489796,22700.0,1.0,22600.0,1.0,22500.0,1.0,22400.0,1,22300.0,1.0,22200.0,1.0,22100.0,1.0,22000.0,1.0,21900.0,0.13,21800.0,0.45,22800.0,1.0,22900.0,1.0,23000.0,1.0,23100.0,1.0,23200.0,1.0,23300.0,1.0,23400.0,1.0,23500.0,1.0,23600.0,1.0,23700.0,1.0
000629.SZ,2020-08-05,09:32:17,22700.0,0.0,0.0,22700.0,1.0,22600.0,1.0,22500.0,1.0,22400.0,1,22300.0,1.0,22200.0,1.0,22100.0,1.0,22000.0,1.0,21900.0,0.13,21800.0,0.45,22800.0,1.0,22900.0,1.0,23000.0,1.0,23100.0,1.0,23200.0,1.0,23300.0,1.0,23400.0,1.0,23500.0,1.0,23600.0,1.0,23700.0,1.0
000629.SZ,2020-08-05,09:32:18,22700.0,0.4870748299319727,11105.30612244898,22700.0,1.0,22600.0,1.0,22500.0,1.0,22400.0,1,22300.0,1.0,22200.0,1.0,22100.0,1.0,22000.0,1.0,21900.0,0.13,21800.0,0.45,22800.0,1.0,22900.0,1.0,23000.0,1.0,23100.0,1.0,23200.0,1.0,23300.0,1.0,23400.0,1.0,23500.0,1.0,23600.0,1.0,23700.0,1.0
000629.SZ,2020-08-05,09:32:19,22800.0,0.0585034013605442,1333.8775510204082,22700.0,1.0,22600.0,1.0,22500.0,1.0,22400.0,1,22300.0,1.0,22200.0,1.0,22100.0,1.0,22000.0,1.0,21900.0,0.13,21800.0,0.45,22800.0,1.0,22900.0,1.0,23000.0,1.0,23100.0,1.0,23200.0,1.0,23300.0,1.0,23400.0,1.0,23500.0,1.0,23600.0,1.0,23700.0,1.0
000629.SZ,2020-08-05,09:32:20,22800.0,0.0,0.0,22700.0,1.0,22600.0,1.0,22500.0,1.0,22400.0,1,22300.0,1.0,22200.0,1.0,22100.0,1.0,22000.0,1.0,21900.0,0.13,21800.0,0.45,22800.0,1.0,22900.0,1.0,23000.0,1.0,23100.0,1.0,23200.0,1.0,23300.0,1.0,23400.0,1.0,23500.0,1.0,23600.0,1.0,23700.0,1.0
000629.SZ,2020-08-05,09:32:21,22800.0,0.0,0.0,22700.0,1.0,22600.0,1.0,22500.0,1.0,22400.0,1,22300.0,1.0,22200.0,1.0,22100.0,1.0,22000.0,1.0,21900.0,0.13,21800.0,0.45,22800.0,1.0,22900.0,1.0,23000.0,1.0,23100.0,1.0,23200.0,1.0,23300.0,1.0,23400.0,1.0,23500.0,1.0,23600.0,1.0,23700.0,1.0
000629.SZ,2020-08-05,09:32:22,22800.0,1.0,22700.0,22700.0,1.0,22600.0,1.0,22500.0,1.0,22400.0,1,22300.0,1.0,22200.0,1.0,22100.0,1.0,22000.0,1.0,21900.0,0.13,21800.0,0.45,22800.0,1.0,22900.0,1.0,23000.0,1.0,23100.0,1.0,23200.0,1.0,23300.0,1.0,23400.0,1.0,23500.0,1.0,23600.0,1.0,23700.0,1.0
000629.SZ,2020-08-05,09:32:23,22700.0,0.0,0.0,22700.0,1.0,22600.0,1.0,22500.0,1.0,22400.0,1,22300.0,1.0,22200.0,1.0,22100.0,1.0,22000.0,1.0,21900.0,0.13,21800.0,0.45,22800.0,1.0,22900.0,1.0,23000.0,1.0,23100.0,1.0,23200.0,1.0,23300.0,1.0,23400.0,1.0,23500.0,1.0,23600.0,1.0,23700.0,1.0
000629.SZ,2020-08-05,09:32:24,22700.0,0.1523809523809524,3474.2857142857147,22700.0,1.0,22600.0,1.0,22500.0,1.0,22400.0,1,22300.0,1.0,22200.0,1.0,22100.0,1.0,22000.0,1.0,21900.0,0.13,21800.0,0.45,22800.0,1.0,22900.0,1.0,23000.0,1.0,23100.0,1.0,23200.0,1.0,23300.0,1.0,23400.0,1.0,23500.0,1.0,23600.0,1.0,23700.0,1.0
000629.SZ,2020-08-05,09:32:25,22800.0,0.0,0.0,22700.0,1.0,22600.0,1.0,22500.0,1.0,22400.0,1,22300.0,1.0,22200.0,1.0,22100.0,1.0,22000.0,1.0,21900.0,0.13,21800.0,0.45,22800.0,1.0,22900.0,1.0,23000.0,1.0,23100.0,1.0,23200.0,1.0,23300.0,1.0,23400.0,1.0,23500.0,1.0,23600.0,1.0,23700.0,1.0
000629.SZ,2020-08-05,09:32:26,22800.0,0.0,0.0,22700.0,1.0,22600.0,1.0,22500.0,1.0,22400.0,1,22300.0,1.0,22200.0,1.0,22100.0,1.0,22000.0,1.0,21900.0,0.13,21800.0,0.45,22800.0,1.0,22900.0,1.0,23000.0,1.0,23100.0,1.0,23200.0,1.0,23300.0,1.0,23400.0,1.0,23500.0,1.0,23600.0,1.0,23700.0,1.0
000629.SZ,2020-08-05,09:32:27,22800.0,0.0,0.0,22700.0,1.0,22600.0,1.0,22500.0,1.0,22400.0,1,22300.0,1.0,22200.0,1.0,22100.0,1.0,22000.0,1.0,21900.0,0.13,21800.0,0.45,22800.0,1.0,22900.0,1.0,23000.0,1.0,23100.0,1.0,23200.0,1.0,23300.0,1.0,23400.0,1.0,23500.0,1.0,23600.0,1.0,23700.0,1.0
000629.SZ,2020-08-05,09:32:28,22800.0,0.0,0.0,22700.0,1.0,22600.0,1.0,22500.0,1.0,22400.0,1,22300.0,1.0,22200.0,1.0,22100.0,1.0,22000.0,1.0,21900.0,0.13,21800.0,0.45,22800.0,1.0,22900.0,1.0,23000.0,1.0,23100.0,1.0,23200.0,1.0,23300.0,1.0,23400.0,1.0,23500.0,1.0,23600.0,1.0,23700.0,1.0
000629.SZ,2020-08-05,09:32:29,22800.0,0.1972789115646258,4497.959183673469,22700.0,1.0,22600.0,1.0,22500.0,1.0,22400.0,1,22300.0,1.0,22200.0,1.0,22100.0,1.0,22000.0,1.0,21900.0,0.13,21800.0,0.45,22800.0,1.0,22900.0,1.0,23000.0,1.0,23100.0,1.0,23200.0,1.0,23300.0,1.0,23400.0,1.0,23500.0,1.0,23600.0,1.0,23700.0,1.0
000629.SZ,2020-08-05,09:32:30,22800.0,0.6122448979591837,13959.183673469388,22700.0,1.0,22600.0,1.0,22500.0,1.0,22400.0,1,22300.0,1.0,22200.0,1.0,22100.0,1.0,22000.0,1.0,21900.0,0.13,21800.0,0.45,22800.0,1.0,22900.0,1.0,23000.0,1.0,23100.0,1.0,23200.0,1.0,23300.0,1.0,23400.0,1.0,23500.0,1.0,23600.0,1.0,23700.0,1.0
000629.SZ,2020-08-05,09:32:31,22800.0,0.0,0.0,22700.0,1.0,22600.0,1.0,22500.0,1.0,22400.0,1,22300.0,1.0,22200.0,1.0,22100.0,1.0,22000.0,1.0,21900.0,0.13,21800.0,0.45,22800.0,1.0,22900.0,1.0,23000.0,1.0,23100.0,1.0,23200.0,1.0,23300.0,1.0,23400.0,1.0,23500.0,1.0,23600.0,1.0,23700.0,1.0
000629.SZ,2020-08-05,09:32:32,22800.0,0.0285714285714285,651.4285714285714,22700.0,1.0,22600.0,1.0,22500.0,1.0,22400.0,1,22300.0,1.0,22200.0,1.0,22100.0,1.0,22000.0,1.0,21900.0,0.13,21800.0,0.45,22800.0,1.0,22900.0,1.0,23000.0,1.0,23100.0,1.0,23200.0,1.0,23300.0,1.0,23400.0,1.0,23500.0,1.0,23600.0,1.0,23700.0,1.0
000629.SZ,2020-08-05,09:32:33,22800.0,0.0054421768707482,123.5374149659864,22700.0,1.0,22600.0,1.0,22500.0,1.0,22400.0,1,22300.0,1.0,22200.0,1.0,22100.0,1.0,22000.0,1.0,21900.0,0.13,21800.0,0.45,22800.0,1.0,22900.0,1.0,23000.0,1.0,23100.0,1.0,23200.0,1.0,23300.0,1.0,23400.0,1.0,23500.0,1.0,23600.0,1.0,23700.0,1.0
000629.SZ,2020-08-05,09:32:34,22700.0,0.6394557823129252,14515.646258503402,22700.0,1.0,22600.0,1.0,22500.0,1.0,22400.0,1,22300.0,1.0,22200.0,1.0,22100.0,1.0,22000.0,1.0,21900.0,0.13,21800.0,0.45,22800.0,1.0,22900.0,1.0,23000.0,1.0,23100.0,1.0,23200.0,1.0,23300.0,1.0,23400.0,1.0,23500.0,1.0,23600.0,1.0,23700.0,1.0
000629.SZ,2020-08-05,09:32:35,22700.0,0.0054421768707482,124.08163265306122,22700.0,1.0,22600.0,1.0,22500.0,1.0,22400.0,1,22300.0,1.0,22200.0,1.0,22100.0,1.0,22000.0,1.0,21900.0,0.13,21800.0,0.45,22800.0,1.0,22900.0,1.0,23000.0,1.0,23100.0,1.0,23200.0,1.0,23300.0,1.0,23400.0,1.0,23500.0,1.0,23600.0,1.0,23700.0,1.0
000629.SZ,2020-08-05,09:32:36,22800.0,0.0136054421768707,308.843537414966,22700.0,1.0,22600.0,1.0,22500.0,1.0,22400.0,1,22300.0,1.0,22200.0,1.0,22100.0,1.0,22000.0,1.0,21900.0,0.13,21800.0,0.45,22800.0,1.0,22900.0,1.0,23000.0,1.0,23100.0,1.0,23200.0,1.0,23300.0,1.0,23400.0,1.0,23500.0,1.0,23600.0,1.0,23700.0,1.0
000629.SZ,2020-08-05,09:32:37,22700.0,0.0802721088435374,1830.204081632653,22700.0,1.0,22600.0,1.0,22500.0,1.0,22400.0,1,22300.0,1.0,22200.0,1.0,22100.0,1.0,22000.0,1.0,21900.0,0.13,21800.0,0.45,22800.0,1.0,22900.0,1.0,23000.0,1.0,23100.0,1.0,23200.0,1.0,23300.0,1.0,23400.0,1.0,23500.0,1.0,23600.0,1.0,23700.0,1.0
000629.SZ,2020-08-05,09:32:38,22800.0,0.0,0.0,22700.0,1.0,22600.0,1.0,22500.0,1.0,22400.0,1,22300.0,1.0,22200.0,1.0,22100.0,1.0,22000.0,1.0,21900.0,0.13,21800.0,0.45,22800.0,1.0,22900.0,1.0,23000.0,1.0,23100.0,1.0,23200.0,1.0,23300.0,1.0,23400.0,1.0,23500.0,1.0,23600.0,1.0,23700.0,1.0
000629.SZ,2020-08-05,09:32:39,22800.0,0.0312925170068027,713.4693877551022,22700.0,1.0,22600.0,1.0,22500.0,1.0,22400.0,1,22300.0,1.0,22200.0,1.0,22100.0,1.0,22000.0,1.0,21900.0,0.13,21800.0,0.45,22800.0,1.0,22900.0,1.0,23000.0,1.0,23100.0,1.0,23200.0,1.0,23300.0,1.0,23400.0,1.0,23500.0,1.0,23600.0,1.0,23700.0,1.0
000629.SZ,2020-08-05,09:32:40,22800.0,0.0,0.0,22700.0,1.0,22600.0,1.0,22500.0,1.0,22400.0,1,22300.0,1.0,22200.0,1.0,22100.0,1.0,22000.0,1.0,21900.0,0.13,21800.0,0.45,22800.0,1.0,22900.0,1.0,23000.0,1.0,23100.0,1.0,23200.0,1.0,23300.0,1.0,23400.0,1.0,23500.0,1.0,23600.0,1.0,23700.0,1.0
000629.SZ,2020-08-05,09:32:41,22800.0,0.0,0.0,22700.0,1.0,22600.0,1.0,22500.0,1.0,22400.0,1,22300.0,1.0,22200.0,1.0,22100.0,1.0,22000.0,1.0,21900.0,0.13,21800.0,0.45,22800.0,1.0,22900.0,1.0,23000.0,1.0,23100.0,1.0,23200.0,1.0,23300.0,1.0,23400.0,1.0,23500.0,1.0,23600.0,1.0,23700.0,1.0
000629.SZ,2020-08-05,09:32:42,22800.0,0.0680272108843537,1551.0204081632655,22700.0,1.0,22600.0,1.0,22500.0,1.0,22400.0,1,22300.0,1.0,22200.0,1.0,22100.0,1.0,22000.0,1.0,21900.0,0.13,21800.0,0.45,22800.0,1.0,22900.0,1.0,23000.0,1.0,23100.0,1.0,23200.0,1.0,23300.0,1.0,23400.0,1.0,23500.0,1.0,23600.0,1.0,23700.0,1.0
000629.SZ,2020-08-05,09:32:43,22800.0,0.0272108843537414,617.6870748299319,22700.0,1.0,22600.0,1.0,22500.0,1.0,22400.0,1,22300.0,1.0,22200.0,1.0,22100.0,1.0,22000.0,1.0,21900.0,0.13,21800.0,0.45,22800.0,1.0,22900.0,1.0,23000.0,1.0,23100.0,1.0,23200.0,1.0,23300.0,1.0,23400.0,1.0,23500.0,1.0,23600.0,1.0,23700.0,1.0
000629.SZ,2020-08-05,09:32:44,22700.0,0.6081632653061224,13805.914285714283,22700.0,1.0,22600.0,1.0,22500.0,1.0,22400.0,1,22300.0,1.0,22200.0,1.0,22100.0,1.0,22000.0,1.0,21900.0,0.13,21800.0,0.45,22800.0,1.0,22900.0,1.0,23000.0,1.0,23100.0,1.0,23200.0,1.0,23300.0,1.0,23400.0,1.0,23500.0,1.0,23600.0,1.0,23700.0,1.0
000629.SZ,2020-08-05,09:32:45,22700.0,0.0,0.0,22700.0,1.0,22600.0,1.0,22500.0,1.0,22400.0,1,22300.0,1.0,22200.0,1.0,22100.0,1.0,22000.0,1.0,21900.0,0.13,21800.0,0.45,22800.0,1.0,22900.0,1.0,23000.0,1.0,23100.0,1.0,23200.0,1.0,23300.0,1.0,23400.0,1.0,23500.0,1.0,23600.0,1.0,23700.0,1.0
000629.SZ,2020-08-05,09:32:46,22700.0,0.3346938775510204,7597.551020408164,22700.0,1.0,22600.0,1.0,22500.0,1.0,22400.0,1,22300.0,1.0,22200.0,1.0,22100.0,1.0,22000.0,1.0,21900.0,0.13,21800.0,0.45,22800.0,1.0,22900.0,1.0,23000.0,1.0,23100.0,1.0,23200.0,1.0,23300.0,1.0,23400.0,1.0,23500.0,1.0,23600.0,1.0,23700.0,1.0
000629.SZ,2020-08-05,09:32:47,22700.0,0.0816326530612244,1853.061224489796,22700.0,1.0,22600.0,1.0,22500.0,1.0,22400.0,1,22300.0,1.0,22200.0,1.0,22100.0,1.0,22000.0,1.0,21900.0,0.13,21800.0,0.45,22800.0,1.0,22900.0,1.0,23000.0,1.0,23100.0,1.0,23200.0,1.0,23300.0,1.0,23400.0,1.0,23500.0,1.0,23600.0,1.0,23700.0,1.0
000629.SZ,2020-08-05,09:32:48,22700.0,0.0680272108843537,1551.0204081632655,22700.0,1.0,22600.0,1.0,22500.0,1.0,22400.0,1,22300.0,1.0,22200.0,1.0,22100.0,1.0,22000.0,1.0,21900.0,0.13,21800.0,0.45,22800.0,1.0,22900.0,1.0,23000.0,1.0,23100.0,1.0,23200.0,1.0,23300.0,1.0,23400.0,1.0,23500.0,1.0,23600.0,1.0,23700.0,1.0
000629.SZ,2020-08-05,09:32:49,22800.0,0.0272108843537414,620.4081632653061,22700.0,1.0,22600.0,1.0,22500.0,1.0,22400.0,1,22300.0,1.0,22200.0,1.0,22100.0,1.0,22000.0,1.0,21900.0,0.13,21800.0,0.45,22800.0,1.0,22900.0,1.0,23000.0,1.0,23100.0,1.0,23200.0,1.0,23300.0,1.0,23400.0,1.0,23500.0,1.0,23600.0,1.0,23700.0,1.0
000629.SZ,2020-08-05,09:32:50,22800.0,0.1360544217687075,3088.43537414966,22700.0,1.0,22600.0,1.0,22500.0,1.0,22400.0,1,22300.0,1.0,22200.0,1.0,22100.0,1.0,22000.0,1.0,21900.0,0.13,21800.0,0.45,22800.0,1.0,22900.0,1.0,23000.0,1.0,23100.0,1.0,23200.0,1.0,23300.0,1.0,23400.0,1.0,23500.0,1.0,23600.0,1.0,23700.0,1.0
000629.SZ,2020-08-05,09:32:51,22700.0,0.0,0.0,22700.0,1.0,22600.0,1.0,22500.0,1.0,22400.0,1,22300.0,1.0,22200.0,1.0,22100.0,1.0,22000.0,1.0,21900.0,0.13,21800.0,0.45,22800.0,1.0,22900.0,1.0,23000.0,1.0,23100.0,1.0,23200.0,1.0,23300.0,1.0,23400.0,1.0,23500.0,1.0,23600.0,1.0,23700.0,1.0
000629.SZ,2020-08-05,09:32:52,22700.0,0.0,0.0,22700.0,1.0,22600.0,1.0,22500.0,1.0,22400.0,1,22300.0,1.0,22200.0,1.0,22100.0,1.0,22000.0,1.0,21900.0,0.13,21800.0,0.45,22800.0,1.0,22900.0,1.0,23000.0,1.0,23100.0,1.0,23200.0,1.0,23300.0,1.0,23400.0,1.0,23500.0,1.0,23600.0,1.0,23700.0,1.0
000629.SZ,2020-08-05,09:32:53,22700.0,0.0,0.0,22700.0,1.0,22600.0,1.0,22500.0,1.0,22400.0,1,22300.0,1.0,22200.0,1.0,22100.0,1.0,22000.0,1.0,21900.0,0.13,21800.0,0.45,22800.0,1.0,22900.0,1.0,23000.0,1.0,23100.0,1.0,23200.0,1.0,23300.0,1.0,23400.0,1.0,23500.0,1.0,23600.0,1.0,23700.0,1.0
000629.SZ,2020-08-05,09:32:54,22700.0,0.0,0.0,22700.0,1.0,22600.0,1.0,22500.0,1.0,22400.0,1,22300.0,1.0,22200.0,1.0,22100.0,1.0,22000.0,1.0,21900.0,0.13,21800.0,0.45,22800.0,1.0,22900.0,1.0,23000.0,1.0,23100.0,1.0,23200.0,1.0,23300.0,1.0,23400.0,1.0,23500.0,1.0,23600.0,1.0,23700.0,1.0
000629.SZ,2020-08-05,09:32:55,22700.0,0.0,0.0,22700.0,1.0,22600.0,1.0,22500.0,1.0,22400.0,1,22300.0,1.0,22200.0,1.0,22100.0,1.0,22000.0,1.0,21900.0,0.13,21800.0,0.45,22800.0,1.0,22900.0,1.0,23000.0,1.0,23100.0,1.0,23200.0,1.0,23300.0,1.0,23400.0,1.0,23500.0,1.0,23600.0,1.0,23700.0,1.0
000629.SZ,2020-08-05,09:32:56,22700.0,0.3170068027210884,7196.054421768708,22700.0,1.0,22600.0,1.0,22500.0,1.0,22400.0,1,22300.0,1.0,22200.0,1.0,22100.0,1.0,22000.0,1.0,21900.0,0.13,21800.0,0.45,22800.0,1.0,22900.0,1.0,23000.0,1.0,23100.0,1.0,23200.0,1.0,23300.0,1.0,23400.0,1.0,23500.0,1.0,23600.0,1.0,23700.0,1.0
000629.SZ,2020-08-05,09:32:57,22700.0,0.0,0.0,22700.0,1.0,22600.0,1.0,22500.0,1.0,22400.0,1,22300.0,1.0,22200.0,1.0,22100.0,1.0,22000.0,1.0,21900.0,0.13,21800.0,0.45,22800.0,1.0,22900.0,1.0,23000.0,1.0,23100.0,1.0,23200.0,1.0,23300.0,1.0,23400.0,1.0,23500.0,1.0,23600.0,1.0,23700.0,1.0
000629.SZ,2020-08-05,09:32:58,22700.0,0.0,0.0,22700.0,1.0,22600.0,1.0,22500.0,1.0,22400.0,1,22300.0,1.0,22200.0,1.0,22100.0,1.0,22000.0,1.0,21900.0,0.13,21800.0,0.45,22800.0,1.0,22900.0,1.0,23000.0,1.0,23100.0,1.0,23200.0,1.0,23300.0,1.0,23400.0,1.0,23500.0,1.0,23600.0,1.0,23700.0,1.0
000629.SZ,2020-08-05,09:32:59,22700.0,0.4149659863945578,9419.727891156464,22700.0,1.0,22600.0,1.0,22500.0,1.0,22400.0,1,22300.0,1.0,22200.0,1.0,22100.0,1.0,22000.0,1.0,21900.0,0.13,21800.0,0.45,22800.0,1.0,22900.0,1.0,23000.0,1.0,23100.0,1.0,23200.0,1.0,23300.0,1.0,23400.0,1.0,23500.0,1.0,23600.0,1.0,23700.0,1.0
000629.SZ,2020-08-05,09:33:00,22700.0,0.0122448979591836,277.9591836734694,22700.0,1.0,22600.0,1.0,22500.0,1.0,22400.0,1,22300.0,1.0,22200.0,1.0,22100.0,1.0,22000.0,1.0,21900.0,0.13,21800.0,0.45,22800.0,1.0,22900.0,1.0,23000.0,1.0,23100.0,1.0,23200.0,1.0,23300.0,1.0,23400.0,1.0,23500.0,1.0,23600.0,1.0,23700.0,1.0
000629.SZ,2020-08-05,09:33:01,22700.0,0.8938775510204081,20377.726530612243,22700.0,1.0,22600.0,1.0,22500.0,1.0,22400.0,1,22300.0,1.0,22200.0,1.0,22100.0,1.0,22000.0,1.0,21900.0,0.13,21800.0,0.45,22800.0,1.0,22900.0,1.0,23000.0,1.0,23100.0,1.0,23200.0,1.0,23300.0,1.0,23400.0,1.0,23500.0,1.0,23600.0,1.0,23700.0,1.0
000629.SZ,2020-08-05,09:33:02,22700.0,0.0680272108843537,1544.21768707483,22700.0,1.0,22600.0,1.0,22500.0,1.0,22400.0,1,22300.0,1.0,22200.0,1.0,22100.0,1.0,22000.0,1.0,21900.0,0.13,21800.0,0.45,22800.0,1.0,22900.0,1.0,23000.0,1.0,23100.0,1.0,23200.0,1.0,23300.0,1.0,23400.0,1.0,23500.0,1.0,23600.0,1.0,23700.0,1.0
000629.SZ,2020-08-05,09:33:03,22700.0,0.0408163265306122,926.5306122448978,22700.0,1.0,22600.0,1.0,22500.0,1.0,22400.0,1,22300.0,1.0,22200.0,1.0,22100.0,1.0,22000.0,1.0,21900.0,0.13,21800.0,0.45,22800.0,1.0,22900.0,1.0,23000.0,1.0,23100.0,1.0,23200.0,1.0,23300.0,1.0,23400.0,1.0,23500.0,1.0,23600.0,1.0,23700.0,1.0
000629.SZ,2020-08-05,09:33:04,22700.0,1.0,22700.0,22700.0,1.0,22600.0,1.0,22500.0,1.0,22400.0,1,22300.0,1.0,22200.0,1.0,22100.0,1.0,22000.0,1.0,21900.0,0.13,21800.0,0.45,22800.0,1.0,22900.0,1.0,23000.0,1.0,23100.0,1.0,23200.0,1.0,23300.0,1.0,23400.0,1.0,23500.0,1.0,23600.0,1.0,23700.0,1.0
000629.SZ,2020-08-05,09:33:05,22700.0,0.0,0.0,22700.0,1.0,22600.0,1.0,22500.0,1.0,22400.0,1,22300.0,1.0,22200.0,1.0,22100.0,1.0,22000.0,1.0,21900.0,0.13,21800.0,0.45,22800.0,1.0,22900.0,1.0,23000.0,1.0,23100.0,1.0,23200.0,1.0,23300.0,1.0,23400.0,1.0,23500.0,1.0,23600.0,1.0,23700.0,1.0
000629.SZ,2020-08-05,09:33:06,22700.0,0.0,0.0,22700.0,1.0,22600.0,1.0,22500.0,1.0,22400.0,1,22300.0,1.0,22200.0,1.0,22100.0,1.0,22000.0,1.0,21900.0,0.13,21800.0,0.45,22800.0,1.0,22900.0,1.0,23000.0,1.0,23100.0,1.0,23200.0,1.0,23300.0,1.0,23400.0,1.0,23500.0,1.0,23600.0,1.0,23700.0,1.0
000629.SZ,2020-08-05,09:33:07,22700.0,0.8108843537414966,18407.07482993197,22700.0,1.0,22600.0,1.0,22500.0,1.0,22400.0,1,22300.0,1.0,22200.0,1.0,22100.0,1.0,22000.0,1.0,21900.0,0.13,21800.0,0.45,22800.0,1.0,22900.0,1.0,23000.0,1.0,23100.0,1.0,23200.0,1.0,23300.0,1.0,23400.0,1.0,23500.0,1.0,23600.0,1.0,23700.0,1.0
000629.SZ,2020-08-05,09:33:08,22700.0,0.0,0.0,22700.0,1.0,22600.0,1.0,22500.0,1.0,22400.0,1,22300.0,1.0,22200.0,1.0,22100.0,1.0,22000.0,1.0,21900.0,0.13,21800.0,0.45,22800.0,1.0,22900.0,1.0,23000.0,1.0,23100.0,1.0,23200.0,1.0,23300.0,1.0,23400.0,1.0,23500.0,1.0,23600.0,1.0,23700.0,1.0
000629.SZ,2020-08-05,09:33:09,22700.0,0.0,0.0,22700.0,1.0,22600.0,1.0,22500.0,1.0,22400.0,1,22300.0,1.0,22200.0,1.0,22100.0,1.0,22000.0,1.0,21900.0,0.13,21800.0,0.45,22800.0,1.0,22900.0,1.0,23000.0,1.0,23100.0,1.0,23200.0,1.0,23300.0,1.0,23400.0,1.0,23500.0,1.0,23600.0,1.0,23700.0,1.0
000629.SZ,2020-08-05,09:33:10,22700.0,0.2244897959183673,5095.918367346939,22700.0,1.0,22600.0,1.0,22500.0,1.0,22400.0,1,22300.0,1.0,22200.0,1.0,22100.0,1.0,22000.0,1.0,21900.0,0.13,21800.0,0.45,22800.0,1.0,22900.0,1.0,23000.0,1.0,23100.0,1.0,23200.0,1.0,23300.0,1.0,23400.0,1.0,23500.0,1.0,23600.0,1.0,23700.0,1.0
000629.SZ,2020-08-05,09:33:11,22700.0,0.0,0.0,22700.0,1.0,22600.0,1.0,22500.0,1.0,22400.0,1,22300.0,1.0,22200.0,1.0,22100.0,1.0,22000.0,1.0,21900.0,0.13,21800.0,0.51,22800.0,1.0,22900.0,1.0,23000.0,1.0,23100.0,1.0,23200.0,1.0,23300.0,1.0,23400.0,1.0,23500.0,1.0,23600.0,1.0,23700.0,1.0
000629.SZ,2020-08-05,09:33:12,22700.0,0.0,0.0,22700.0,1.0,22600.0,1.0,22500.0,1.0,22400.0,1,22300.0,1.0,22200.0,1.0,22100.0,1.0,22000.0,1.0,21900.0,0.13,21800.0,0.51,22800.0,1.0,22900.0,1.0,23000.0,1.0,23100.0,1.0,23200.0,1.0,23300.0,1.0,23400.0,1.0,23500.0,1.0,23600.0,1.0,23700.0,1.0
000629.SZ,2020-08-05,09:33:13,22700.0,0.5537414965986395,12569.931972789116,22700.0,1.0,22600.0,1.0,22500.0,1.0,22400.0,1,22300.0,1.0,22200.0,1.0,22100.0,1.0,22000.0,1.0,21900.0,0.13,21800.0,0.51,22800.0,1.0,22900.0,1.0,23000.0,1.0,23100.0,1.0,23200.0,1.0,23300.0,1.0,23400.0,1.0,23500.0,1.0,23600.0,1.0,23700.0,1.0
000629.SZ,2020-08-05,09:33:14,22700.0,0.3442176870748299,7813.741496598639,22700.0,1.0,22600.0,1.0,22500.0,1.0,22400.0,1,22300.0,1.0,22200.0,1.0,22100.0,1.0,22000.0,1.0,21900.0,0.13,21800.0,0.51,22800.0,1.0,22900.0,1.0,23000.0,1.0,23100.0,1.0,23200.0,1.0,23300.0,1.0,23400.0,1.0,23500.0,1.0,23600.0,1.0,23700.0,1.0
000629.SZ,2020-08-05,09:33:15,22700.0,0.0585034013605442,1328.0272108843535,22700.0,1.0,22600.0,1.0,22500.0,1.0,22400.0,1,22300.0,1.0,22200.0,1.0,22100.0,1.0,22000.0,1.0,21900.0,0.13,21800.0,0.51,22800.0,1.0,22900.0,1.0,23000.0,1.0,23100.0,1.0,23200.0,1.0,23300.0,1.0,23400.0,1.0,23500.0,1.0,23600.0,1.0,23700.0,1.0
000629.SZ,2020-08-05,09:33:16,22700.0,0.0,0.0,22700.0,1.0,22600.0,1.0,22500.0,1.0,22400.0,1,22300.0,1.0,22200.0,1.0,22100.0,1.0,22000.0,1.0,21900.0,0.13,21800.0,0.51,22800.0,1.0,22900.0,1.0,23000.0,1.0,23100.0,1.0,23200.0,1.0,23300.0,1.0,23400.0,1.0,23500.0,1.0,23600.0,1.0,23700.0,1.0
000629.SZ,2020-08-05,09:33:17,22700.0,0.0,0.0,22700.0,1.0,22600.0,1.0,22500.0,1.0,22400.0,1,22300.0,1.0,22200.0,1.0,22100.0,1.0,22000.0,1.0,21900.0,0.13,21800.0,0.51,22800.0,1.0,22900.0,1.0,23000.0,1.0,23100.0,1.0,23200.0,1.0,23300.0,1.0,23400.0,1.0,23500.0,1.0,23600.0,1.0,23700.0,1.0
000629.SZ,2020-08-05,09:33:18,22700.0,1.0,22700.0,22700.0,1.0,22600.0,1.0,22500.0,1.0,22400.0,1,22300.0,1.0,22200.0,1.0,22100.0,1.0,22000.0,1.0,21900.0,0.13,21800.0,0.51,22800.0,1.0,22900.0,1.0,23000.0,1.0,23100.0,1.0,23200.0,1.0,23300.0,1.0,23400.0,1.0,23500.0,1.0,23600.0,1.0,23700.0,1.0
000629.SZ,2020-08-05,09:33:19,22700.0,1.0,22700.0,22700.0,1.0,22600.0,1.0,22500.0,1.0,22400.0,1,22300.0,1.0,22200.0,1.0,22100.0,1.0,22000.0,1.0,21900.0,0.13,21800.0,0.51,22800.0,1.0,22900.0,1.0,23000.0,1.0,23100.0,1.0,23200.0,1.0,23300.0,1.0,23400.0,1.0,23500.0,1.0,23600.0,1.0,23700.0,1.0
000629.SZ,2020-08-05,09:33:20,22700.0,1.0,22700.0,22700.0,1.0,22600.0,1.0,22500.0,1.0,22400.0,1,22300.0,1.0,22200.0,1.0,22100.0,1.0,22000.0,1.0,21900.0,0.12,21800.0,0.51,22800.0,1.0,22900.0,1.0,23000.0,1.0,23100.0,1.0,23200.0,1.0,23300.0,1.0,23400.0,1.0,23500.0,1.0,23600.0,1.0,23700.0,1.0
000629.SZ,2020-08-05,09:33:21,22700.0,1.0,22700.0,22600.0,1.0,22500.0,1.0,22400.0,1.0,22300.0,1,22200.0,1.0,22100.0,1.0,22000.0,1.0,21900.0,0.12,21800.0,0.51,21700.0,0.35,22700.0,1.0,22800.0,1.0,22900.0,1.0,23000.0,1.0,23100.0,1.0,23200.0,1.0,23300.0,1.0,23400.0,1.0,23500.0,1.0,23600.0,1.0
000629.SZ,2020-08-05,09:33:22,22700.0,0.0653061224489796,1482.4489795918369,22600.0,1.0,22500.0,1.0,22400.0,1.0,22300.0,1,22200.0,1.0,22100.0,1.0,22000.0,1.0,21900.0,0.12,21800.0,0.51,21700.0,0.35,22700.0,1.0,22800.0,1.0,22900.0,1.0,23000.0,1.0,23100.0,1.0,23200.0,1.0,23300.0,1.0,23400.0,1.0,23500.0,1.0,23600.0,1.0
000629.SZ,2020-08-05,09:33:23,22700.0,0.0027210884353741,61.76870748299319,22600.0,1.0,22500.0,1.0,22400.0,1.0,22300.0,1,22200.0,1.0,22100.0,1.0,22000.0,1.0,21900.0,0.12,21800.0,0.51,21700.0,0.35,22700.0,1.0,22800.0,1.0,22900.0,1.0,23000.0,1.0,23100.0,1.0,23200.0,1.0,23300.0,1.0,23400.0,1.0,23500.0,1.0,23600.0,1.0
000629.SZ,2020-08-05,09:33:24,22700.0,1.0,22700.0,22600.0,1.0,22500.0,1.0,22400.0,1.0,22300.0,1,22200.0,1.0,22100.0,1.0,22000.0,1.0,21900.0,0.12,21800.0,0.51,21700.0,0.35,22700.0,1.0,22800.0,1.0,22900.0,1.0,23000.0,1.0,23100.0,1.0,23200.0,1.0,23300.0,1.0,23400.0,1.0,23500.0,1.0,23600.0,1.0
000629.SZ,2020-08-05,09:33:25,22700.0,0.0027210884353741,61.76870748299319,22600.0,1.0,22500.0,1.0,22400.0,1.0,22300.0,1,22200.0,1.0,22100.0,1.0,22000.0,1.0,21900.0,0.12,21800.0,0.51,21700.0,0.35,22700.0,1.0,22800.0,1.0,22900.0,1.0,23000.0,1.0,23100.0,1.0,23200.0,1.0,23300.0,1.0,23400.0,1.0,23500.0,1.0,23600.0,1.0
000629.SZ,2020-08-05,09:33:26,22700.0,0.0748299319727891,1698.639455782313,22600.0,1.0,22500.0,1.0,22400.0,1.0,22300.0,1,22200.0,1.0,22100.0,1.0,22000.0,1.0,21900.0,0.12,21800.0,0.51,21700.0,0.35,22700.0,1.0,22800.0,1.0,22900.0,1.0,23000.0,1.0,23100.0,1.0,23200.0,1.0,23300.0,1.0,23400.0,1.0,23500.0,1.0,23600.0,1.0
000629.SZ,2020-08-05,09:33:27,22700.0,0.1360544217687075,3088.43537414966,22600.0,1.0,22500.0,1.0,22400.0,1.0,22300.0,1,22200.0,1.0,22100.0,1.0,22000.0,1.0,21900.0,0.12,21800.0,0.51,21700.0,0.35,22700.0,1.0,22800.0,1.0,22900.0,1.0,23000.0,1.0,23100.0,1.0,23200.0,1.0,23300.0,1.0,23400.0,1.0,23500.0,1.0,23600.0,1.0
000629.SZ,2020-08-05,09:33:28,22700.0,0.4081632653061224,9265.30612244898,22600.0,1.0,22500.0,1.0,22400.0,1.0,22300.0,1,22200.0,1.0,22100.0,1.0,22000.0,1.0,21900.0,0.12,21800.0,0.51,21700.0,0.35,22700.0,0.87,22800.0,1.0,22900.0,1.0,23000.0,1.0,23100.0,1.0,23200.0,1.0,23300.0,1.0,23400.0,1.0,23500.0,1.0,23600.0,1.0
000629.SZ,2020-08-05,09:33:29,22700.0,0.0,0.0,22600.0,1.0,22500.0,1.0,22400.0,1.0,22300.0,1,22200.0,1.0,22100.0,1.0,22000.0,1.0,21900.0,0.12,21800.0,0.51,21700.0,0.35,22700.0,0.89,22800.0,1.0,22900.0,1.0,23000.0,1.0,23100.0,1.0,23200.0,1.0,23300.0,1.0,23400.0,1.0,23500.0,1.0,23600.0,1.0
000629.SZ,2020-08-05,09:33:30,22700.0,0.019047619047619,432.3809523809524,22600.0,1.0,22500.0,1.0,22400.0,1.0,22300.0,1,22200.0,1.0,22100.0,1.0,22000.0,1.0,21900.0,0.12,21800.0,0.51,21700.0,0.35,22700.0,1.0,22800.0,1.0,22900.0,1.0,23000.0,1.0,23100.0,1.0,23200.0,1.0,23300.0,1.0,23400.0,1.0,23500.0,1.0,23600.0,1.0
000629.SZ,2020-08-05,09:33:31,22700.0,0.0,0.0,22600.0,1.0,22500.0,1.0,22400.0,1.0,22300.0,1,22200.0,1.0,22100.0,1.0,22000.0,1.0,21900.0,0.12,21800.0,0.51,21700.0,0.35,22700.0,1.0,22800.0,1.0,22900.0,1.0,23000.0,1.0,23100.0,1.0,23200.0,1.0,23300.0,1.0,23400.0,1.0,23500.0,1.0,23600.0,1.0
000629.SZ,2020-08-05,09:33:32,22700.0,0.1238095238095238,2810.4761904761904,22600.0,1.0,22500.0,1.0,22400.0,1.0,22300.0,1,22200.0,1.0,22100.0,1.0,22000.0,1.0,21900.0,0.12,21800.0,0.51,21700.0,0.35,22700.0,1.0,22800.0,1.0,22900.0,1.0,23000.0,1.0,23100.0,1.0,23200.0,1.0,23300.0,1.0,23400.0,1.0,23500.0,1.0,23600.0,1.0
000629.SZ,2020-08-05,09:33:33,22700.0,1.0,22698.0,22600.0,1.0,22500.0,1.0,22400.0,1.0,22300.0,1,22200.0,1.0,22100.0,1.0,22000.0,1.0,21900.0,0.12,21800.0,0.51,21700.0,0.37,22700.0,0.14,22800.0,1.0,22900.0,1.0,23000.0,1.0,23100.0,1.0,23200.0,1.0,23300.0,1.0,23400.0,1.0,23500.0,1.0,23600.0,1.0
000629.SZ,2020-08-05,09:33:34,22600.0,0.4149659863945578,9417.238095238095,22600.0,1.0,22500.0,1.0,22400.0,1.0,22300.0,1,22200.0,1.0,22100.0,1.0,22000.0,1.0,21900.0,0.12,21800.0,0.51,21700.0,0.37,22700.0,0.11,22800.0,1.0,22900.0,1.0,23000.0,1.0,23100.0,1.0,23200.0,1.0,23300.0,1.0,23400.0,1.0,23500.0,1.0,23600.0,1.0
000629.SZ,2020-08-05,09:33:35,22600.0,0.0299319727891156,679.4557823129252,22600.0,1.0,22500.0,1.0,22400.0,1.0,22300.0,1,22200.0,1.0,22100.0,1.0,22000.0,1.0,21900.0,0.12,21800.0,0.51,21700.0,0.37,22700.0,1.0,22800.0,1.0,22900.0,1.0,23000.0,1.0,23100.0,1.0,23200.0,1.0,23300.0,1.0,23400.0,1.0,23500.0,1.0,23600.0,1.0
000629.SZ,2020-08-05,09:33:36,22700.0,0.0802721088435374,1822.1768707482995,22600.0,1.0,22500.0,1.0,22400.0,1.0,22300.0,1,22200.0,1.0,22100.0,1.0,22000.0,1.0,21900.0,0.12,21800.0,0.51,21700.0,0.37,22700.0,1.0,22800.0,1.0,22900.0,1.0,23000.0,1.0,23100.0,1.0,23200.0,1.0,23300.0,1.0,23400.0,1.0,23500.0,1.0,23600.0,1.0
000629.SZ,2020-08-05,09:33:37,22700.0,0.8925170068027211,20260.136054421768,22600.0,1.0,22500.0,1.0,22400.0,1.0,22300.0,1,22200.0,1.0,22100.0,1.0,22000.0,1.0,21900.0,0.12,21800.0,0.51,21700.0,0.37,22700.0,0.91,22800.0,1.0,22900.0,1.0,23000.0,1.0,23100.0,1.0,23200.0,1.0,23300.0,1.0,23400.0,1.0,23500.0,1.0,23600.0,1.0
000629.SZ,2020-08-05,09:33:38,22700.0,0.0476190476190476,1080.6666666666663,22600.0,1.0,22500.0,1.0,22400.0,1.0,22300.0,1,22200.0,1.0,22100.0,1.0,22000.0,1.0,21900.0,0.12,21800.0,0.51,21700.0,0.37,22700.0,1.0,22800.0,1.0,22900.0,1.0,23000.0,1.0,23100.0,1.0,23200.0,1.0,23300.0,1.0,23400.0,1.0,23500.0,1.0,23600.0,1.0
000629.SZ,2020-08-05,09:33:39,22600.0,0.1632653061224489,3706.122448979592,22600.0,1.0,22500.0,1.0,22400.0,1.0,22300.0,1,22200.0,1.0,22100.0,1.0,22000.0,1.0,21900.0,0.12,21800.0,0.51,21700.0,0.37,22700.0,1.0,22800.0,1.0,22900.0,1.0,23000.0,1.0,23100.0,1.0,23200.0,1.0,23300.0,1.0,23400.0,1.0,23500.0,1.0,23600.0,1.0
000629.SZ,2020-08-05,09:33:40,22700.0,0.1482993197278911,3359.1278911564623,22600.0,1.0,22500.0,1.0,22400.0,1.0,22300.0,1,22200.0,1.0,22100.0,1.0,22000.0,1.0,21900.0,0.12,21800.0,0.51,21700.0,0.37,22700.0,1.0,22800.0,1.0,22900.0,1.0,23000.0,1.0,23100.0,1.0,23200.0,1.0,23300.0,1.0,23400.0,1.0,23500.0,1.0,23600.0,1.0
000629.SZ,2020-08-05,09:33:41,22600.0,0.3129251700680272,7076.1768707483,22600.0,1.0,22500.0,1.0,22400.0,1.0,22300.0,1,22200.0,1.0,22100.0,1.0,22000.0,1.0,21900.0,0.12,21800.0,0.51,21700.0,0.37,22700.0,1.0,22800.0,1.0,22900.0,1.0,23000.0,1.0,23100.0,1.0,23200.0,1.0,23300.0,1.0,23400.0,1.0,23500.0,1.0,23600.0,1.0
000629.SZ,2020-08-05,09:33:42,22600.0,0.1537414965986394,3489.931972789116,22600.0,1.0,22500.0,1.0,22400.0,1.0,22300.0,1,22200.0,1.0,22100.0,1.0,22000.0,1.0,21900.0,0.12,21800.0,0.51,21700.0,0.37,22700.0,1.0,22800.0,1.0,22900.0,1.0,23000.0,1.0,23100.0,1.0,23200.0,1.0,23300.0,1.0,23400.0,1.0,23500.0,1.0,23600.0,1.0
000629.SZ,2020-08-05,09:33:43,22700.0,0.1129251700680272,2563.401360544218,22600.0,1.0,22500.0,1.0,22400.0,1.0,22300.0,1,22200.0,1.0,22100.0,1.0,22000.0,1.0,21900.0,0.12,21800.0,0.51,21700.0,0.37,22700.0,0.99,22800.0,1.0,22900.0,1.0,23000.0,1.0,23100.0,1.0,23200.0,1.0,23300.0,1.0,23400.0,1.0,23500.0,1.0,23600.0,1.0
000629.SZ,2020-08-05,09:33:44,22700.0,0.001360544217687,30.8843537414966,22600.0,1.0,22500.0,1.0,22400.0,1.0,22300.0,1,22200.0,1.0,22100.0,1.0,22000.0,1.0,21900.0,0.12,21800.0,0.51,21700.0,0.37,22700.0,0.99,22800.0,1.0,22900.0,1.0,23000.0,1.0,23100.0,1.0,23200.0,1.0,23300.0,1.0,23400.0,1.0,23500.0,1.0,23600.0,1.0
000629.SZ,2020-08-05,09:33:45,22700.0,0.1591836734693877,3597.551020408163,22600.0,1.0,22500.0,1.0,22400.0,1.0,22300.0,1,22200.0,1.0,22100.0,1.0,22000.0,1.0,21900.0,0.12,21800.0,0.51,21700.0,0.37,22700.0,0.99,22800.0,1.0,22900.0,1.0,23000.0,1.0,23100.0,1.0,23200.0,1.0,23300.0,1.0,23400.0,1.0,23500.0,1.0,23600.0,1.0
000629.SZ,2020-08-05,09:33:46,22600.0,0.0462585034013605,1047.338775510204,22600.0,1.0,22500.0,1.0,22400.0,1.0,22300.0,1,22200.0,1.0,22100.0,1.0,22000.0,1.0,21900.0,0.12,21800.0,0.51,21700.0,0.37,22700.0,0.98,22800.0,1.0,22900.0,1.0,23000.0,1.0,23100.0,1.0,23200.0,1.0,23300.0,1.0,23400.0,1.0,23500.0,1.0,23600.0,1.0
000629.SZ,2020-08-05,09:33:47,22700.0,0.1360544217687075,3088.43537414966,22600.0,1.0,22500.0,1.0,22400.0,1.0,22300.0,1,22200.0,1.0,22100.0,1.0,22000.0,1.0,21900.0,0.12,21800.0,0.51,21700.0,0.37,22700.0,0.89,22800.0,1.0,22900.0,1.0,23000.0,1.0,23100.0,1.0,23200.0,1.0,23300.0,1.0,23400.0,1.0,23500.0,1.0,23600.0,1.0
000629.SZ,2020-08-05,09:33:48,22700.0,0.6394557823129252,14515.646258503402,22600.0,1.0,22500.0,1.0,22400.0,1.0,22300.0,1,22200.0,1.0,22100.0,1.0,22000.0,1.0,21900.0,0.12,21800.0,0.51,21700.0,0.37,22700.0,1.0,22800.0,1.0,22900.0,1.0,23000.0,1.0,23100.0,1.0,23200.0,1.0,23300.0,1.0,23400.0,1.0,23500.0,1.0,23600.0,1.0
000629.SZ,2020-08-05,09:33:49,22700.0,0.7619047619047619,17219.04761904762,22600.0,1.0,22500.0,1.0,22400.0,1.0,22300.0,1,22200.0,1.0,22100.0,1.0,22000.0,1.0,21900.0,0.12,21800.0,0.51,21700.0,0.37,22700.0,1.0,22800.0,1.0,22900.0,1.0,23000.0,1.0,23100.0,1.0,23200.0,1.0,23300.0,1.0,23400.0,1.0,23500.0,1.0,23600.0,1.0
000629.SZ,2020-08-05,09:33:50,22600.0,0.0081632653061224,185.3061224489796,22600.0,1.0,22500.0,1.0,22400.0,1.0,22300.0,1,22200.0,1.0,22100.0,1.0,22000.0,1.0,21900.0,0.12,21800.0,0.51,21700.0,0.37,22700.0,1.0,22800.0,1.0,22900.0,1.0,23000.0,1.0,23100.0,1.0,23200.0,1.0,23300.0,1.0,23400.0,1.0,23500.0,1.0,23600.0,1.0
000629.SZ,2020-08-05,09:33:51,22700.0,0.0,0.0,22600.0,1.0,22500.0,1.0,22400.0,1.0,22300.0,1,22200.0,1.0,22100.0,1.0,22000.0,1.0,21900.0,0.12,21800.0,0.51,21700.0,0.37,22700.0,1.0,22800.0,1.0,22900.0,1.0,23000.0,1.0,23100.0,1.0,23200.0,1.0,23300.0,1.0,23400.0,1.0,23500.0,1.0,23600.0,1.0
000629.SZ,2020-08-05,09:33:52,22700.0,0.4585034013605442,10408.027210884356,22600.0,1.0,22500.0,1.0,22400.0,1.0,22300.0,1,22200.0,1.0,22100.0,1.0,22000.0,1.0,21900.0,0.12,21800.0,0.51,21700.0,0.37,22700.0,1.0,22800.0,1.0,22900.0,1.0,23000.0,1.0,23100.0,1.0,23200.0,1.0,23300.0,1.0,23400.0,1.0,23500.0,1.0,23600.0,1.0
000629.SZ,2020-08-05,09:33:53,22700.0,1.0,22600.0,22600.0,1.0,22500.0,1.0,22400.0,1.0,22300.0,1,22200.0,1.0,22100.0,1.0,22000.0,1.0,21900.0,0.12,21800.0,0.51,21700.0,0.37,22700.0,1.0,22800.0,1.0,22900.0,1.0,23000.0,1.0,23100.0,1.0,23200.0,1.0,23300.0,1.0,23400.0,1.0,23500.0,1.0,23600.0,1.0
000629.SZ,2020-08-05,09:33:54,22600.0,0.0,0.0,22600.0,1.0,22500.0,1.0,22400.0,1.0,22300.0,1,22200.0,1.0,22100.0,1.0,22000.0,1.0,21900.0,0.12,21800.0,0.51,21700.0,0.37,22700.0,1.0,22800.0,1.0,22900.0,1.0,23000.0,1.0,23100.0,1.0,23200.0,1.0,23300.0,1.0,23400.0,1.0,23500.0,1.0,23600.0,1.0
000629.SZ,2020-08-05,09:33:55,22600.0,0.0544217687074829,1229.9319727891157,22600.0,1.0,22500.0,1.0,22400.0,1.0,22300.0,1,22200.0,1.0,22100.0,1.0,22000.0,1.0,21900.0,0.18,21800.0,0.51,21700.0,0.37,22700.0,1.0,22800.0,1.0,22900.0,1.0,23000.0,1.0,23100.0,1.0,23200.0,1.0,23300.0,1.0,23400.0,1.0,23500.0,1.0,23600.0,1.0
000629.SZ,2020-08-05,09:33:56,22600.0,0.0,0.0,22600.0,1.0,22500.0,1.0,22400.0,1.0,22300.0,1,22200.0,1.0,22100.0,1.0,22000.0,1.0,21900.0,0.18,21800.0,0.51,21700.0,0.37,22700.0,1.0,22800.0,1.0,22900.0,1.0,23000.0,1.0,23100.0,1.0,23200.0,1.0,23300.0,1.0,23400.0,1.0,23500.0,1.0,23600.0,1.0
000629.SZ,2020-08-05,09:33:57,22600.0,0.0272108843537414,614.9659863945578,22600.0,1.0,22500.0,1.0,22400.0,1.0,22300.0,1,22200.0,1.0,22100.0,1.0,22000.0,1.0,21900.0,0.18,21800.0,0.51,21700.0,0.37,22700.0,1.0,22800.0,1.0,22900.0,1.0,23000.0,1.0,23100.0,1.0,23200.0,1.0,23300.0,1.0,23400.0,1.0,23500.0,1.0,23600.0,1.0
000629.SZ,2020-08-05,09:33:58,22600.0,1.0,22600.0,22600.0,1.0,22500.0,1.0,22400.0,1.0,22300.0,1,22200.0,1.0,22100.0,1.0,22000.0,1.0,21900.0,0.18,21800.0,0.51,21700.0,0.37,22700.0,1.0,22800.0,1.0,22900.0,1.0,23000.0,1.0,23100.0,1.0,23200.0,1.0,23300.0,1.0,23400.0,1.0,23500.0,1.0,23600.0,1.0
000629.SZ,2020-08-05,09:33:59,22600.0,0.0340136054421768,768.7074829931973,22600.0,1.0,22500.0,1.0,22400.0,1.0,22300.0,1,22200.0,1.0,22100.0,1.0,22000.0,1.0,21900.0,0.18,21800.0,0.51,21700.0,0.37,22700.0,1.0,22800.0,1.0,22900.0,1.0,23000.0,1.0,23100.0,1.0,23200.0,1.0,23300.0,1.0,23400.0,1.0,23500.0,1.0,23600.0,1.0
000629.SZ,2020-08-05,09:34:00,22600.0,1.0,22602.0,22600.0,1.0,22500.0,1.0,22400.0,1.0,22300.0,1,22200.0,1.0,22100.0,1.0,22000.0,1.0,21900.0,0.18,21800.0,0.51,21700.0,0.37,22700.0,1.0,22800.0,1.0,22900.0,1.0,23000.0,1.0,23100.0,1.0,23200.0,1.0,23300.0,1.0,23400.0,1.0,23500.0,1.0,23600.0,1.0
000629.SZ,2020-08-05,09:34:01,22600.0,0.0,0.0,22600.0,1.0,22500.0,1.0,22400.0,1.0,22300.0,1,22200.0,1.0,22100.0,1.0,22000.0,1.0,21900.0,0.18,21800.0,0.51,21700.0,0.37,22700.0,1.0,22800.0,1.0,22900.0,1.0,23000.0,1.0,23100.0,1.0,23200.0,1.0,23300.0,1.0,23400.0,1.0,23500.0,1.0,23600.0,1.0
000629.SZ,2020-08-05,09:34:02,22600.0,0.0,0.0,22600.0,1.0,22500.0,1.0,22400.0,1.0,22300.0,1,22200.0,1.0,22100.0,1.0,22000.0,1.0,21900.0,0.18,21800.0,0.51,21700.0,0.37,22700.0,1.0,22800.0,1.0,22900.0,1.0,23000.0,1.0,23100.0,1.0,23200.0,1.0,23300.0,1.0,23400.0,1.0,23500.0,1.0,23600.0,1.0
000629.SZ,2020-08-05,09:34:03,22600.0,0.0,0.0,22600.0,1.0,22500.0,1.0,22400.0,1.0,22300.0,1,22200.0,1.0,22100.0,1.0,22000.0,1.0,21900.0,0.18,21800.0,0.51,21700.0,0.37,22700.0,1.0,22800.0,1.0,22900.0,1.0,23000.0,1.0,23100.0,1.0,23200.0,1.0,23300.0,1.0,23400.0,1.0,23500.0,1.0,23600.0,1.0
000629.SZ,2020-08-05,09:34:04,22600.0,0.092517006802721,2090.8843537414964,22600.0,1.0,22500.0,1.0,22400.0,1.0,22300.0,1,22200.0,1.0,22100.0,1.0,22000.0,1.0,21900.0,0.18,21800.0,0.51,21700.0,0.37,22700.0,1.0,22800.0,1.0,22900.0,1.0,23000.0,1.0,23100.0,1.0,23200.0,1.0,23300.0,1.0,23400.0,1.0,23500.0,1.0,23600.0,1.0
000629.SZ,2020-08-05,09:34:05,22600.0,1.0,22600.0,22600.0,1.0,22500.0,1.0,22400.0,1.0,22300.0,1,22200.0,1.0,22100.0,1.0,22000.0,1.0,21900.0,0.18,21800.0,0.51,21700.0,0.37,22700.0,1.0,22800.0,1.0,22900.0,1.0,23000.0,1.0,23100.0,1.0,23200.0,1.0,23300.0,1.0,23400.0,1.0,23500.0,1.0,23600.0,1.0
000629.SZ,2020-08-05,09:34:06,22600.0,0.1986394557823129,4489.251700680272,22600.0,1.0,22500.0,1.0,22400.0,1.0,22300.0,1,22200.0,1.0,22100.0,1.0,22000.0,1.0,21900.0,0.18,21800.0,0.51,21700.0,0.37,22700.0,1.0,22800.0,1.0,22900.0,1.0,23000.0,1.0,23100.0,1.0,23200.0,1.0,23300.0,1.0,23400.0,1.0,23500.0,1.0,23600.0,1.0
000629.SZ,2020-08-05,09:34:07,22600.0,0.1360544217687075,3074.8299319727894,22600.0,1.0,22500.0,1.0,22400.0,1.0,22300.0,1,22200.0,1.0,22100.0,1.0,22000.0,1.0,21900.0,0.18,21800.0,0.51,21700.0,0.37,22700.0,1.0,22800.0,1.0,22900.0,1.0,23000.0,1.0,23100.0,1.0,23200.0,1.0,23300.0,1.0,23400.0,1.0,23500.0,1.0,23600.0,1.0
000629.SZ,2020-08-05,09:34:08,22600.0,0.0,0.0,22600.0,1.0,22500.0,1.0,22400.0,1.0,22300.0,1,22200.0,1.0,22100.0,1.0,22000.0,1.0,21900.0,0.18,21800.0,0.51,21700.0,0.37,22700.0,1.0,22800.0,1.0,22900.0,1.0,23000.0,1.0,23100.0,1.0,23200.0,1.0,23300.0,1.0,23400.0,1.0,23500.0,1.0,23600.0,1.0
000629.SZ,2020-08-05,09:34:09,22600.0,0.0789115646258503,1783.4013605442176,22600.0,1.0,22500.0,1.0,22400.0,1.0,22300.0,1,22200.0,1.0,22100.0,1.0,22000.0,1.0,21900.0,0.18,21800.0,0.51,21700.0,0.37,22700.0,1.0,22800.0,1.0,22900.0,1.0,23000.0,1.0,23100.0,1.0,23200.0,1.0,23300.0,1.0,23400.0,1.0,23500.0,1.0,23600.0,1.0
000629.SZ,2020-08-05,09:34:10,22600.0,0.0,0.0,22600.0,1.0,22500.0,1.0,22400.0,1.0,22300.0,1,22200.0,1.0,22100.0,1.0,22000.0,1.0,21900.0,0.18,21800.0,0.51,21700.0,0.37,22700.0,1.0,22800.0,1.0,22900.0,1.0,23000.0,1.0,23100.0,1.0,23200.0,1.0,23300.0,1.0,23400.0,1.0,23500.0,1.0,23600.0,1.0
000629.SZ,2020-08-05,09:34:11,22600.0,0.0,0.0,22600.0,1.0,22500.0,1.0,22400.0,1.0,22300.0,1,22200.0,1.0,22100.0,1.0,22000.0,1.0,21900.0,0.18,21800.0,0.51,21700.0,0.37,22700.0,1.0,22800.0,1.0,22900.0,1.0,23000.0,1.0,23100.0,1.0,23200.0,1.0,23300.0,1.0,23400.0,1.0,23500.0,1.0,23600.0,1.0
000629.SZ,2020-08-05,09:34:12,22600.0,0.1850340136054421,4181.768707482993,22600.0,1.0,22500.0,1.0,22400.0,1.0,22300.0,1,22200.0,1.0,22100.0,1.0,22000.0,1.0,21900.0,0.18,21800.0,0.51,21700.0,0.37,22700.0,1.0,22800.0,1.0,22900.0,1.0,23000.0,1.0,23100.0,1.0,23200.0,1.0,23300.0,1.0,23400.0,1.0,23500.0,1.0,23600.0,1.0
000629.SZ,2020-08-05,09:34:13,22600.0,0.0598639455782312,1352.9251700680272,22600.0,1.0,22500.0,1.0,22400.0,1.0,22300.0,1,22200.0,1.0,22100.0,1.0,22000.0,1.0,21900.0,0.18,21800.0,0.51,21700.0,0.37,22700.0,1.0,22800.0,1.0,22900.0,1.0,23000.0,1.0,23100.0,1.0,23200.0,1.0,23300.0,1.0,23400.0,1.0,23500.0,1.0,23600.0,1.0
000629.SZ,2020-08-05,09:34:14,22600.0,0.0258503401360544,584.6054421768707,22600.0,1.0,22500.0,1.0,22400.0,1.0,22300.0,1,22200.0,1.0,22100.0,1.0,22000.0,1.0,21900.0,0.18,21800.0,0.51,21700.0,0.37,22700.0,1.0,22800.0,1.0,22900.0,1.0,23000.0,1.0,23100.0,1.0,23200.0,1.0,23300.0,1.0,23400.0,1.0,23500.0,1.0,23600.0,1.0
000629.SZ,2020-08-05,09:34:15,22700.0,0.0027210884353741,61.76870748299319,22600.0,1.0,22500.0,1.0,22400.0,1.0,22300.0,1,22200.0,1.0,22100.0,1.0,22000.0,1.0,21900.0,0.18,21800.0,0.51,21700.0,0.37,22700.0,1.0,22800.0,1.0,22900.0,1.0,23000.0,1.0,23100.0,1.0,23200.0,1.0,23300.0,1.0,23400.0,1.0,23500.0,1.0,23600.0,1.0
000629.SZ,2020-08-05,09:34:16,22700.0,1.0,22600.0,22600.0,1.0,22500.0,1.0,22400.0,1.0,22300.0,1,22200.0,1.0,22100.0,1.0,22000.0,1.0,21900.0,0.18,21800.0,0.51,21700.0,0.37,22700.0,1.0,22800.0,1.0,22900.0,1.0,23000.0,1.0,23100.0,1.0,23200.0,1.0,23300.0,1.0,23400.0,1.0,23500.0,1.0,23600.0,1.0
000629.SZ,2020-08-05,09:34:17,22600.0,0.2340136054421768,5312.108843537415,22600.0,1.0,22500.0,1.0,22400.0,1.0,22300.0,1,22200.0,1.0,22100.0,1.0,22000.0,1.0,21900.0,0.18,21800.0,0.51,21700.0,0.37,22700.0,1.0,22800.0,1.0,22900.0,1.0,23000.0,1.0,23100.0,1.0,23200.0,1.0,23300.0,1.0,23400.0,1.0,23500.0,1.0,23600.0,1.0
000629.SZ,2020-08-05,09:34:18,22700.0,0.0217687074829931,494.1496598639456,22600.0,1.0,22500.0,1.0,22400.0,1.0,22300.0,1,22200.0,1.0,22100.0,1.0,22000.0,1.0,21900.0,0.18,21800.0,0.51,21700.0,0.37,22700.0,1.0,22800.0,1.0,22900.0,1.0,23000.0,1.0,23100.0,1.0,23200.0,1.0,23300.0,1.0,23400.0,1.0,23500.0,1.0,23600.0,1.0
000629.SZ,2020-08-05,09:34:19,22700.0,1.0,22601.0,22600.0,1.0,22500.0,1.0,22400.0,1.0,22300.0,1,22200.0,1.0,22100.0,1.0,22000.0,1.0,21900.0,0.18,21800.0,0.51,21700.0,0.37,22700.0,1.0,22800.0,1.0,22900.0,1.0,23000.0,1.0,23100.0,1.0,23200.0,1.0,23300.0,1.0,23400.0,1.0,23500.0,1.0,23600.0,1.0
000629.SZ,2020-08-05,09:34:20,22700.0,0.0054421768707482,122.99319727891157,22600.0,1.0,22500.0,1.0,22400.0,1.0,22300.0,1,22200.0,1.0,22100.0,1.0,22000.0,1.0,21900.0,0.18,21800.0,0.51,21700.0,0.37,22700.0,1.0,22800.0,1.0,22900.0,1.0,23000.0,1.0,23100.0,1.0,23200.0,1.0,23300.0,1.0,23400.0,1.0,23500.0,1.0,23600.0,1.0
000629.SZ,2020-08-05,09:34:21,22600.0,0.0068027210884353,153.74149659863946,22600.0,1.0,22500.0,1.0,22400.0,1.0,22300.0,1,22200.0,1.0,22100.0,1.0,22000.0,1.0,21900.0,0.18,21800.0,0.51,21700.0,0.37,22700.0,1.0,22800.0,1.0,22900.0,1.0,23000.0,1.0,23100.0,1.0,23200.0,1.0,23300.0,1.0,23400.0,1.0,23500.0,1.0,23600.0,1.0
000629.SZ,2020-08-05,09:34:22,22600.0,0.0,0.0,22600.0,1.0,22500.0,1.0,22400.0,1.0,22300.0,1,22200.0,1.0,22100.0,1.0,22000.0,1.0,21900.0,0.18,21800.0,0.51,21700.0,0.37,22700.0,1.0,22800.0,1.0,22900.0,1.0,23000.0,1.0,23100.0,1.0,23200.0,1.0,23300.0,1.0,23400.0,1.0,23500.0,1.0,23600.0,1.0
000629.SZ,2020-08-05,09:34:23,22600.0,0.0,0.0,22600.0,1.0,22500.0,1.0,22400.0,1.0,22300.0,1,22200.0,1.0,22100.0,1.0,22000.0,1.0,21900.0,0.18,21800.0,0.51,21700.0,0.37,22700.0,1.0,22800.0,1.0,22900.0,1.0,23000.0,1.0,23100.0,1.0,23200.0,1.0,23300.0,1.0,23400.0,1.0,23500.0,1.0,23600.0,1.0
000629.SZ,2020-08-05,09:34:24,22600.0,0.0272108843537414,617.6870748299319,22600.0,1.0,22500.0,1.0,22400.0,1.0,22300.0,1,22200.0,1.0,22100.0,1.0,22000.0,1.0,21900.0,0.18,21800.0,0.51,21700.0,0.37,22700.0,1.0,22800.0,1.0,22900.0,1.0,23000.0,1.0,23100.0,1.0,23200.0,1.0,23300.0,1.0,23400.0,1.0,23500.0,1.0,23600.0,1.0
000629.SZ,2020-08-05,09:34:25,22700.0,0.0,0.0,22600.0,1.0,22500.0,1.0,22400.0,1.0,22300.0,1,22200.0,1.0,22100.0,1.0,22000.0,1.0,21900.0,0.18,21800.0,0.51,21700.0,0.37,22700.0,1.0,22800.0,1.0,22900.0,1.0,23000.0,1.0,23100.0,1.0,23200.0,1.0,23300.0,1.0,23400.0,1.0,23500.0,1.0,23600.0,1.0
000629.SZ,2020-08-05,09:34:26,22700.0,0.1074829931972789,2429.115646258504,22600.0,1.0,22500.0,1.0,22400.0,1.0,22300.0,1,22200.0,1.0,22100.0,1.0,22000.0,1.0,21900.0,0.18,21800.0,0.51,21700.0,0.37,22700.0,1.0,22800.0,1.0,22900.0,1.0,23000.0,1.0,23100.0,1.0,23200.0,1.0,23300.0,1.0,23400.0,1.0,23500.0,1.0,23600.0,1.0
000629.SZ,2020-08-05,09:34:27,22600.0,0.2462585034013605,5569.3823129251705,22600.0,1.0,22500.0,1.0,22400.0,1.0,22300.0,1,22200.0,1.0,22100.0,1.0,22000.0,1.0,21900.0,0.18,21800.0,0.51,21700.0,0.37,22700.0,1.0,22800.0,1.0,22900.0,1.0,23000.0,1.0,23100.0,1.0,23200.0,1.0,23300.0,1.0,23400.0,1.0,23500.0,1.0,23600.0,1.0
000629.SZ,2020-08-05,09:34:28,22600.0,0.0789115646258503,1791.2925170068029,22600.0,1.0,22500.0,1.0,22400.0,1.0,22300.0,1,22200.0,1.0,22100.0,1.0,22000.0,1.0,21900.0,0.18,21800.0,0.51,21700.0,0.37,22700.0,1.0,22800.0,1.0,22900.0,1.0,23000.0,1.0,23100.0,1.0,23200.0,1.0,23300.0,1.0,23400.0,1.0,23500.0,1.0,23600.0,1.0
000629.SZ,2020-08-05,09:34:29,22700.0,0.4081632653061224,9224.489795918367,22600.0,1.0,22500.0,1.0,22400.0,1.0,22300.0,1,22200.0,1.0,22100.0,1.0,22000.0,1.0,21900.0,0.18,21800.0,0.51,21700.0,0.37,22700.0,1.0,22800.0,1.0,22900.0,1.0,23000.0,1.0,23100.0,1.0,23200.0,1.0,23300.0,1.0,23400.0,1.0,23500.0,1.0,23600.0,1.0
000629.SZ,2020-08-05,09:34:30,22600.0,0.1360544217687075,3088.43537414966,22600.0,1.0,22500.0,1.0,22400.0,1.0,22300.0,1,22200.0,1.0,22100.0,1.0,22000.0,1.0,21900.0,0.18,21800.0,0.51,21700.0,0.37,22700.0,1.0,22800.0,1.0,22900.0,1.0,23000.0,1.0,23100.0,1.0,23200.0,1.0,23300.0,1.0,23400.0,1.0,23500.0,1.0,23600.0,1.0
000629.SZ,2020-08-05,09:34:31,22700.0,0.0285714285714285,645.7142857142857,22600.0,1.0,22500.0,1.0,22400.0,1.0,22300.0,1,22200.0,1.0,22100.0,1.0,22000.0,1.0,21900.0,0.18,21800.0,0.51,21700.0,0.37,22700.0,1.0,22800.0,1.0,22900.0,1.0,23000.0,1.0,23100.0,1.0,23200.0,1.0,23300.0,1.0,23400.0,1.0,23500.0,1.0,23600.0,1.0
000629.SZ,2020-08-05,09:34:32,22600.0,0.0285714285714285,648.5714285714286,22600.0,1.0,22500.0,1.0,22400.0,1.0,22300.0,1,22200.0,1.0,22100.0,1.0,22000.0,1.0,21900.0,0.18,21800.0,0.51,21700.0,0.37,22700.0,1.0,22800.0,1.0,22900.0,1.0,23000.0,1.0,23100.0,1.0,23200.0,1.0,23300.0,1.0,23400.0,1.0,23500.0,1.0,23600.0,1.0
000629.SZ,2020-08-05,09:34:33,22700.0,0.001360544217687,30.8843537414966,22600.0,1.0,22500.0,1.0,22400.0,1.0,22300.0,1,22200.0,1.0,22100.0,1.0,22000.0,1.0,21900.0,0.18,21800.0,0.51,21700.0,0.37,22700.0,1.0,22800.0,1.0,22900.0,1.0,23000.0,1.0,23100.0,1.0,23200.0,1.0,23300.0,1.0,23400.0,1.0,23500.0,1.0,23600.0,1.0
000629.SZ,2020-08-05,09:34:34,22700.0,0.0,0.0,22600.0,1.0,22500.0,1.0,22400.0,1.0,22300.0,1,22200.0,1.0,22100.0,1.0,22000.0,1.0,21900.0,0.18,21800.0,0.51,21700.0,0.37,22700.0,1.0,22800.0,1.0,22900.0,1.0,23000.0,1.0,23100.0,1.0,23200.0,1.0,23300.0,1.0,23400.0,1.0,23500.0,1.0,23600.0,1.0
000629.SZ,2020-08-05,09:34:35,22700.0,0.8829931972789116,20043.94557823129,22600.0,1.0,22500.0,1.0,22400.0,1.0,22300.0,1,22200.0,1.0,22100.0,1.0,22000.0,1.0,21900.0,0.18,21800.0,0.51,21700.0,0.37,22700.0,1.0,22800.0,1.0,22900.0,1.0,23000.0,1.0,23100.0,1.0,23200.0,1.0,23300.0,1.0,23400.0,1.0,23500.0,1.0,23600.0,1.0
000629.SZ,2020-08-05,09:34:36,22700.0,0.0,0.0,22600.0,1.0,22500.0,1.0,22400.0,1.0,22300.0,1,22200.0,1.0,22100.0,1.0,22000.0,1.0,21900.0,0.18,21800.0,0.51,21700.0,0.37,22700.0,1.0,22800.0,1.0,22900.0,1.0,23000.0,1.0,23100.0,1.0,23200.0,1.0,23300.0,1.0,23400.0,1.0,23500.0,1.0,23600.0,1.0
000629.SZ,2020-08-05,09:34:37,22700.0,0.0136054421768707,308.843537414966,22600.0,1.0,22500.0,1.0,22400.0,1.0,22300.0,1,22200.0,1.0,22100.0,1.0,22000.0,1.0,21900.0,0.18,21800.0,0.51,21700.0,0.37,22700.0,1.0,22800.0,1.0,22900.0,1.0,23000.0,1.0,23100.0,1.0,23200.0,1.0,23300.0,1.0,23400.0,1.0,23500.0,1.0,23600.0,1.0
000629.SZ,2020-08-05,09:34:38,22700.0,0.4897959183673469,11118.367346938776,22600.0,1.0,22500.0,1.0,22400.0,1.0,22300.0,1,22200.0,1.0,22100.0,1.0,22000.0,1.0,21900.0,0.18,21800.0,0.51,21700.0,0.37,22700.0,1.0,22800.0,1.0,22900.0,1.0,23000.0,1.0,23100.0,1.0,23200.0,1.0,23300.0,1.0,23400.0,1.0,23500.0,1.0,23600.0,1.0
000629.SZ,2020-08-05,09:34:39,22700.0,0.0,0.0,22600.0,1.0,22500.0,1.0,22400.0,1.0,22300.0,1,22200.0,1.0,22100.0,1.0,22000.0,1.0,21900.0,0.18,21800.0,0.51,21700.0,0.37,22700.0,1.0,22800.0,1.0,22900.0,1.0,23000.0,1.0,23100.0,1.0,23200.0,1.0,23300.0,1.0,23400.0,1.0,23500.0,1.0,23600.0,1.0
000629.SZ,2020-08-05,09:34:40,22700.0,0.1360544217687075,3074.8299319727894,22600.0,1.0,22500.0,1.0,22400.0,1.0,22300.0,1,22200.0,1.0,22100.0,1.0,22000.0,1.0,21900.0,0.18,21800.0,0.51,21700.0,0.37,22700.0,1.0,22800.0,1.0,22900.0,1.0,23000.0,1.0,23100.0,1.0,23200.0,1.0,23300.0,1.0,23400.0,1.0,23500.0,1.0,23600.0,1.0
000629.SZ,2020-08-05,09:34:41,22600.0,1.0,22699.0,22600.0,1.0,22500.0,1.0,22400.0,1.0,22300.0,1,22200.0,1.0,22100.0,1.0,22000.0,1.0,21900.0,0.18,21800.0,0.51,21700.0,0.37,22700.0,1.0,22800.0,1.0,22900.0,1.0,23000.0,1.0,23100.0,1.0,23200.0,1.0,23300.0,1.0,23400.0,1.0,23500.0,1.0,23600.0,1.0
000629.SZ,2020-08-05,09:34:42,22600.0,0.0,0.0,22600.0,1.0,22500.0,1.0,22400.0,1.0,22300.0,1,22200.0,1.0,22100.0,1.0,22000.0,1.0,21900.0,0.18,21800.0,0.51,21700.0,0.37,22700.0,1.0,22800.0,1.0,22900.0,1.0,23000.0,1.0,23100.0,1.0,23200.0,1.0,23300.0,1.0,23400.0,1.0,23500.0,1.0,23600.0,1.0
000629.SZ,2020-08-05,09:34:43,22600.0,0.0680272108843537,1537.4149659863947,22600.0,1.0,22500.0,1.0,22400.0,1.0,22300.0,1,22200.0,1.0,22100.0,1.0,22000.0,1.0,21900.0,0.18,21800.0,0.51,21700.0,0.37,22700.0,1.0,22800.0,1.0,22900.0,1.0,23000.0,1.0,23100.0,1.0,23200.0,1.0,23300.0,1.0,23400.0,1.0,23500.0,1.0,23600.0,1.0
000629.SZ,2020-08-05,09:34:44,22600.0,0.0816326530612244,1853.061224489796,22600.0,1.0,22500.0,1.0,22400.0,1.0,22300.0,1,22200.0,1.0,22100.0,1.0,22000.0,1.0,21900.0,0.18,21800.0,0.51,21700.0,0.37,22700.0,1.0,22800.0,1.0,22900.0,1.0,23000.0,1.0,23100.0,1.0,23200.0,1.0,23300.0,1.0,23400.0,1.0,23500.0,1.0,23600.0,1.0
000629.SZ,2020-08-05,09:34:45,22700.0,0.0,0.0,22600.0,1.0,22500.0,1.0,22400.0,1.0,22300.0,1,22200.0,1.0,22100.0,1.0,22000.0,1.0,21900.0,0.18,21800.0,0.51,21700.0,0.37,22700.0,1.0,22800.0,1.0,22900.0,1.0,23000.0,1.0,23100.0,1.0,23200.0,1.0,23300.0,1.0,23400.0,1.0,23500.0,1.0,23600.0,1.0
000629.SZ,2020-08-05,09:34:46,22700.0,1.0,22700.0,22600.0,1.0,22500.0,1.0,22400.0,1.0,22300.0,1,22200.0,1.0,22100.0,1.0,22000.0,1.0,21900.0,0.18,21800.0,0.51,21700.0,0.37,22700.0,1.0,22800.0,1.0,22900.0,1.0,23000.0,1.0,23100.0,1.0,23200.0,1.0,23300.0,1.0,23400.0,1.0,23500.0,1.0,23600.0,1.0
000629.SZ,2020-08-05,09:34:47,22700.0,1.0,22700.0,22600.0,1.0,22500.0,1.0,22400.0,1.0,22300.0,1,22200.0,1.0,22100.0,1.0,22000.0,1.0,21900.0,0.18,21800.0,0.51,21700.0,0.37,22700.0,0.74,22800.0,1.0,22900.0,1.0,23000.0,1.0,23100.0,1.0,23200.0,1.0,23300.0,1.0,23400.0,1.0,23500.0,1.0,23600.0,1.0
000629.SZ,2020-08-05,09:34:48,22700.0,0.5210884353741496,11828.707482993195,22600.0,1.0,22500.0,1.0,22400.0,1.0,22300.0,1,22200.0,1.0,22100.0,1.0,22000.0,1.0,21900.0,0.18,21800.0,0.51,21700.0,0.37,22700.0,0.37,22800.0,1.0,22900.0,1.0,23000.0,1.0,23100.0,1.0,23200.0,1.0,23300.0,1.0,23400.0,1.0,23500.0,1.0,23600.0,1.0
000629.SZ,2020-08-05,09:34:49,22700.0,0.7605442176870748,17264.353741496598,22600.0,1.0,22500.0,1.0,22400.0,1.0,22300.0,1,22200.0,1.0,22100.0,1.0,22000.0,1.0,21900.0,0.18,21800.0,0.51,21700.0,0.37,22700.0,0.23,22800.0,1.0,22900.0,1.0,23000.0,1.0,23100.0,1.0,23200.0,1.0,23300.0,1.0,23400.0,1.0,23500.0,1.0,23600.0,1.0
000629.SZ,2020-08-05,09:34:50,22700.0,0.0639455782312925,1451.56462585034,22600.0,1.0,22500.0,1.0,22400.0,1.0,22300.0,1,22200.0,1.0,22100.0,1.0,22000.0,1.0,21900.0,0.18,21800.0,0.51,21700.0,0.37,22700.0,0.18,22800.0,1.0,22900.0,1.0,23000.0,1.0,23100.0,1.0,23200.0,1.0,23300.0,1.0,23400.0,1.0,23500.0,1.0,23600.0,1.0
000629.SZ,2020-08-05,09:34:51,22700.0,0.1061224489795918,2408.9795918367345,22600.0,1.0,22500.0,1.0,22400.0,1.0,22300.0,1,22200.0,1.0,22100.0,1.0,22000.0,1.0,21900.0,0.18,21800.0,0.51,21700.0,0.37,22700.0,0.11,22800.0,1.0,22900.0,1.0,23000.0,1.0,23100.0,1.0,23200.0,1.0,23300.0,1.0,23400.0,1.0,23500.0,1.0,23600.0,1.0
000629.SZ,2020-08-05,09:34:52,22700.0,0.1616326530612244,3669.061224489796,22700.0,0.44,22600.0,1.0,22500.0,1.0,22400.0,1,22300.0,1.0,22200.0,1.0,22100.0,1.0,22000.0,1.0,21900.0,0.18,21800.0,0.51,22800.0,1.0,22900.0,1.0,23000.0,1.0,23100.0,1.0,23200.0,1.0,23300.0,1.0,23400.0,1.0,23500.0,1.0,23600.0,1.0,23700.0,1.0
000629.SZ,2020-08-05,09:34:53,22700.0,0.0,0.0,22700.0,0.62,22600.0,1.0,22500.0,1.0,22400.0,1,22300.0,1.0,22200.0,1.0,22100.0,1.0,22000.0,1.0,21900.0,0.18,21800.0,0.51,22800.0,1.0,22900.0,1.0,23000.0,1.0,23100.0,1.0,23200.0,1.0,23300.0,1.0,23400.0,1.0,23500.0,1.0,23600.0,1.0,23700.0,1.0
000629.SZ,2020-08-05,09:34:54,22700.0,0.8968707482993197,20358.96598639456,22600.0,1.0,22500.0,1.0,22400.0,1.0,22300.0,1,22200.0,1.0,22100.0,1.0,22000.0,1.0,21900.0,0.18,21800.0,0.51,21700.0,0.37,22700.0,0.18,22800.0,1.0,22900.0,1.0,23000.0,1.0,23100.0,1.0,23200.0,1.0,23300.0,1.0,23400.0,1.0,23500.0,1.0,23600.0,1.0
000629.SZ,2020-08-05,09:34:55,22700.0,0.2802721088435374,6357.131972789116,22600.0,1.0,22500.0,1.0,22400.0,1.0,22300.0,1,22200.0,1.0,22100.0,1.0,22000.0,1.0,21900.0,0.18,21800.0,0.51,21700.0,0.37,22700.0,0.05,22800.0,1.0,22900.0,1.0,23000.0,1.0,23100.0,1.0,23200.0,1.0,23300.0,1.0,23400.0,1.0,23500.0,1.0,23600.0,1.0
000629.SZ,2020-08-05,09:34:56,22700.0,0.001360544217687,30.8843537414966,22600.0,1.0,22500.0,1.0,22400.0,1.0,22300.0,1,22200.0,1.0,22100.0,1.0,22000.0,1.0,21900.0,0.18,21800.0,0.51,21700.0,0.37,22700.0,0.05,22800.0,1.0,22900.0,1.0,23000.0,1.0,23100.0,1.0,23200.0,1.0,23300.0,1.0,23400.0,1.0,23500.0,1.0,23600.0,1.0
000629.SZ,2020-08-05,09:34:57,22700.0,0.0122448979591836,277.9591836734694,22600.0,1.0,22500.0,1.0,22400.0,1.0,22300.0,1,22200.0,1.0,22100.0,1.0,22000.0,1.0,21900.0,0.18,21800.0,0.51,21700.0,0.37,22700.0,0.04,22800.0,1.0,22900.0,1.0,23000.0,1.0,23100.0,1.0,23200.0,1.0,23300.0,1.0,23400.0,1.0,23500.0,1.0,23600.0,1.0
000629.SZ,2020-08-05,09:34:58,22700.0,0.0555102040816326,1260.0816326530612,22700.0,0.2,22600.0,1.0,22500.0,1.0,22400.0,1,22300.0,1.0,22200.0,1.0,22100.0,1.0,22000.0,1.0,21900.0,0.18,21800.0,0.51,22800.0,1.0,22900.0,1.0,23000.0,1.0,23100.0,1.0,23200.0,1.0,23300.0,1.0,23400.0,1.0,23500.0,1.0,23600.0,1.0,23700.0,1.0
000629.SZ,2020-08-05,09:34:59,22700.0,0.6925170068027211,15764.457142857143,22700.0,0.03,22600.0,1.0,22500.0,1.0,22400.0,1,22300.0,1.0,22200.0,1.0,22100.0,1.0,22000.0,1.0,21900.0,0.18,21800.0,0.51,22800.0,1.0,22900.0,1.0,23000.0,1.0,23100.0,1.0,23200.0,1.0,23300.0,1.0,23400.0,1.0,23500.0,1.0,23600.0,1.0,23700.0,1.0
000629.SZ,2020-08-05,09:35:00,22800.0,0.3183673469387755,7226.938775510203,22700.0,0.57,22600.0,1.0,22500.0,1.0,22400.0,1,22300.0,1.0,22200.0,1.0,22100.0,1.0,22000.0,1.0,21900.0,0.18,21800.0,0.51,22800.0,1.0,22900.0,1.0,23000.0,1.0,23100.0,1.0,23200.0,1.0,23300.0,1.0,23400.0,1.0,23500.0,1.0,23600.0,1.0,23700.0,1.0
000629.SZ,2020-08-05,09:35:01,22700.0,0.0489795918367346,1111.8367346938776,22700.0,0.68,22600.0,1.0,22500.0,1.0,22400.0,1,22300.0,1.0,22200.0,1.0,22100.0,1.0,22000.0,1.0,21900.0,0.18,21800.0,0.51,22800.0,1.0,22900.0,1.0,23000.0,1.0,23100.0,1.0,23200.0,1.0,23300.0,1.0,23400.0,1.0,23500.0,1.0,23600.0,1.0,23700.0,1.0
000629.SZ,2020-08-05,09:35:02,22700.0,0.0,0.0,22700.0,0.68,22600.0,1.0,22500.0,1.0,22400.0,1,22300.0,1.0,22200.0,1.0,22100.0,1.0,22000.0,1.0,21900.0,0.18,21800.0,0.51,22800.0,1.0,22900.0,1.0,23000.0,1.0,23100.0,1.0,23200.0,1.0,23300.0,1.0,23400.0,1.0,23500.0,1.0,23600.0,1.0,23700.0,1.0
000629.SZ,2020-08-05,09:35:03,22700.0,0.0,0.0,22700.0,0.71,22600.0,1.0,22500.0,1.0,22400.0,1,22300.0,1.0,22200.0,1.0,22100.0,1.0,22000.0,1.0,21900.0,0.18,21800.0,0.51,22800.0,1.0,22900.0,1.0,23000.0,1.0,23100.0,1.0,23200.0,1.0,23300.0,1.0,23400.0,1.0,23500.0,1.0,23600.0,1.0,23700.0,1.0
000629.SZ,2020-08-05,09:35:04,22700.0,0.0,0.0,22700.0,0.91,22600.0,1.0,22500.0,1.0,22400.0,1,22300.0,1.0,22200.0,1.0,22100.0,1.0,22000.0,1.0,21900.0,0.18,21800.0,0.51,22800.0,1.0,22900.0,1.0,23000.0,1.0,23100.0,1.0,23200.0,1.0,23300.0,1.0,23400.0,1.0,23500.0,1.0,23600.0,1.0,23700.0,1.0
000629.SZ,2020-08-05,09:35:05,22700.0,0.6068027210884354,13775.63537414966,22700.0,1.0,22600.0,1.0,22500.0,1.0,22400.0,1,22300.0,1.0,22200.0,1.0,22100.0,1.0,22000.0,1.0,21900.0,0.18,21800.0,0.51,22800.0,1.0,22900.0,1.0,23000.0,1.0,23100.0,1.0,23200.0,1.0,23300.0,1.0,23400.0,1.0,23500.0,1.0,23600.0,1.0,23700.0,1.0
000629.SZ,2020-08-05,09:35:06,22700.0,0.2040816326530612,4632.65306122449,22700.0,1.0,22600.0,1.0,22500.0,1.0,22400.0,1,22300.0,1.0,22200.0,1.0,22100.0,1.0,22000.0,1.0,21900.0,0.18,21800.0,0.51,22800.0,1.0,22900.0,1.0,23000.0,1.0,23100.0,1.0,23200.0,1.0,23300.0,1.0,23400.0,1.0,23500.0,1.0,23600.0,1.0,23700.0,1.0
000629.SZ,2020-08-05,09:35:07,22700.0,0.0,0.0,22700.0,1.0,22600.0,1.0,22500.0,1.0,22400.0,1,22300.0,1.0,22200.0,1.0,22100.0,1.0,22000.0,1.0,21900.0,0.18,21800.0,0.51,22800.0,1.0,22900.0,1.0,23000.0,1.0,23100.0,1.0,23200.0,1.0,23300.0,1.0,23400.0,1.0,23500.0,1.0,23600.0,1.0,23700.0,1.0
000629.SZ,2020-08-05,09:35:08,22700.0,0.0,0.0,22700.0,1.0,22600.0,1.0,22500.0,1.0,22400.0,1,22300.0,1.0,22200.0,1.0,22100.0,1.0,22000.0,1.0,21900.0,0.18,21800.0,0.51,22800.0,1.0,22900.0,1.0,23000.0,1.0,23100.0,1.0,23200.0,1.0,23300.0,1.0,23400.0,1.0,23500.0,1.0,23600.0,1.0,23700.0,1.0
000629.SZ,2020-08-05,09:35:09,22700.0,0.0,0.0,22700.0,1.0,22600.0,1.0,22500.0,1.0,22400.0,1,22300.0,1.0,22200.0,1.0,22100.0,1.0,22000.0,1.0,21900.0,0.18,21800.0,0.51,22800.0,1.0,22900.0,1.0,23000.0,1.0,23100.0,1.0,23200.0,1.0,23300.0,1.0,23400.0,1.0,23500.0,1.0,23600.0,1.0,23700.0,1.0
000629.SZ,2020-08-05,09:35:10,22700.0,0.2040816326530612,4632.65306122449,22700.0,1.0,22600.0,1.0,22500.0,1.0,22400.0,1,22300.0,1.0,22200.0,1.0,22100.0,1.0,22000.0,1.0,21900.0,0.18,21800.0,0.51,22800.0,1.0,22900.0,1.0,23000.0,1.0,23100.0,1.0,23200.0,1.0,23300.0,1.0,23400.0,1.0,23500.0,1.0,23600.0,1.0,23700.0,1.0
000629.SZ,2020-08-05,09:35:11,22700.0,0.0,0.0,22700.0,1.0,22600.0,1.0,22500.0,1.0,22400.0,1,22300.0,1.0,22200.0,1.0,22100.0,1.0,22000.0,1.0,21900.0,0.18,21800.0,0.51,22800.0,1.0,22900.0,1.0,23000.0,1.0,23100.0,1.0,23200.0,1.0,23300.0,1.0,23400.0,1.0,23500.0,1.0,23600.0,1.0,23700.0,1.0
000629.SZ,2020-08-05,09:35:12,22700.0,0.0,0.0,22700.0,1.0,22600.0,1.0,22500.0,1.0,22400.0,1,22300.0,1.0,22200.0,1.0,22100.0,1.0,22000.0,1.0,21900.0,0.18,21800.0,0.51,22800.0,1.0,22900.0,1.0,23000.0,1.0,23100.0,1.0,23200.0,1.0,23300.0,1.0,23400.0,1.0,23500.0,1.0,23600.0,1.0,23700.0,1.0
000629.SZ,2020-08-05,09:35:13,22700.0,0.0,0.0,22700.0,1.0,22600.0,1.0,22500.0,1.0,22400.0,1,22300.0,1.0,22200.0,1.0,22100.0,1.0,22000.0,1.0,21900.0,0.18,21800.0,0.51,22800.0,1.0,22900.0,1.0,23000.0,1.0,23100.0,1.0,23200.0,1.0,23300.0,1.0,23400.0,1.0,23500.0,1.0,23600.0,1.0,23700.0,1.0
000629.SZ,2020-08-05,09:35:14,22700.0,0.0,0.0,22700.0,1.0,22600.0,1.0,22500.0,1.0,22400.0,1,22300.0,1.0,22200.0,1.0,22100.0,1.0,22000.0,1.0,21900.0,0.18,21800.0,0.51,22800.0,1.0,22900.0,1.0,23000.0,1.0,23100.0,1.0,23200.0,1.0,23300.0,1.0,23400.0,1.0,23500.0,1.0,23600.0,1.0,23700.0,1.0
000629.SZ,2020-08-05,09:35:15,22700.0,0.0,0.0,22700.0,1.0,22600.0,1.0,22500.0,1.0,22400.0,1,22300.0,1.0,22200.0,1.0,22100.0,1.0,22000.0,1.0,21900.0,0.18,21800.0,0.51,22800.0,1.0,22900.0,1.0,23000.0,1.0,23100.0,1.0,23200.0,1.0,23300.0,1.0,23400.0,1.0,23500.0,1.0,23600.0,1.0,23700.0,1.0
000629.SZ,2020-08-05,09:35:16,22700.0,0.0217687074829931,494.1496598639456,22700.0,1.0,22600.0,1.0,22500.0,1.0,22400.0,1,22300.0,1.0,22200.0,1.0,22100.0,1.0,22000.0,1.0,21900.0,0.18,21800.0,0.51,22800.0,1.0,22900.0,1.0,23000.0,1.0,23100.0,1.0,23200.0,1.0,23300.0,1.0,23400.0,1.0,23500.0,1.0,23600.0,1.0,23700.0,1.0
000629.SZ,2020-08-05,09:35:17,22700.0,0.0,0.0,22700.0,1.0,22600.0,1.0,22500.0,1.0,22400.0,1,22300.0,1.0,22200.0,1.0,22100.0,1.0,22000.0,1.0,21900.0,0.18,21800.0,0.51,22800.0,1.0,22900.0,1.0,23000.0,1.0,23100.0,1.0,23200.0,1.0,23300.0,1.0,23400.0,1.0,23500.0,1.0,23600.0,1.0,23700.0,1.0
000629.SZ,2020-08-05,09:35:18,22700.0,0.1469387755102041,3336.6857142857148,22700.0,1.0,22600.0,1.0,22500.0,1.0,22400.0,1,22300.0,1.0,22200.0,1.0,22100.0,1.0,22000.0,1.0,21900.0,0.18,21800.0,0.51,22800.0,1.0,22900.0,1.0,23000.0,1.0,23100.0,1.0,23200.0,1.0,23300.0,1.0,23400.0,1.0,23500.0,1.0,23600.0,1.0,23700.0,1.0
000629.SZ,2020-08-05,09:35:19,22700.0,0.0,0.0,22700.0,1.0,22600.0,1.0,22500.0,1.0,22400.0,1,22300.0,1.0,22200.0,1.0,22100.0,1.0,22000.0,1.0,21900.0,0.18,21800.0,0.51,22800.0,1.0,22900.0,1.0,23000.0,1.0,23100.0,1.0,23200.0,1.0,23300.0,1.0,23400.0,1.0,23500.0,1.0,23600.0,1.0,23700.0,1.0
000629.SZ,2020-08-05,09:35:20,22700.0,0.0,0.0,22700.0,1.0,22600.0,1.0,22500.0,1.0,22400.0,1,22300.0,1.0,22200.0,1.0,22100.0,1.0,22000.0,1.0,21900.0,0.18,21800.0,0.51,22800.0,1.0,22900.0,1.0,23000.0,1.0,23100.0,1.0,23200.0,1.0,23300.0,1.0,23400.0,1.0,23500.0,1.0,23600.0,1.0,23700.0,1.0
000629.SZ,2020-08-05,09:35:21,22700.0,0.0,0.0,22700.0,1.0,22600.0,1.0,22500.0,1.0,22400.0,1,22300.0,1.0,22200.0,1.0,22100.0,1.0,22000.0,1.0,21900.0,0.18,21800.0,0.51,22800.0,1.0,22900.0,1.0,23000.0,1.0,23100.0,1.0,23200.0,1.0,23300.0,1.0,23400.0,1.0,23500.0,1.0,23600.0,1.0,23700.0,1.0
000629.SZ,2020-08-05,09:35:22,22700.0,0.0,0.0,22700.0,1.0,22600.0,1.0,22500.0,1.0,22400.0,1,22300.0,1.0,22200.0,1.0,22100.0,1.0,22000.0,1.0,21900.0,0.18,21800.0,0.51,22800.0,1.0,22900.0,1.0,23000.0,1.0,23100.0,1.0,23200.0,1.0,23300.0,1.0,23400.0,1.0,23500.0,1.0,23600.0,1.0,23700.0,1.0
000629.SZ,2020-08-05,09:35:23,22700.0,0.0136054421768707,310.2040816326531,22700.0,1.0,22600.0,1.0,22500.0,1.0,22400.0,1,22300.0,1.0,22200.0,1.0,22100.0,1.0,22000.0,1.0,21900.0,0.18,21800.0,0.51,22800.0,1.0,22900.0,1.0,23000.0,1.0,23100.0,1.0,23200.0,1.0,23300.0,1.0,23400.0,1.0,23500.0,1.0,23600.0,1.0,23700.0,1.0
000629.SZ,2020-08-05,09:35:24,22800.0,0.001360544217687,30.8843537414966,22700.0,1.0,22600.0,1.0,22500.0,1.0,22400.0,1,22300.0,1.0,22200.0,1.0,22100.0,1.0,22000.0,1.0,21900.0,0.18,21800.0,0.51,22800.0,1.0,22900.0,1.0,23000.0,1.0,23100.0,1.0,23200.0,1.0,23300.0,1.0,23400.0,1.0,23500.0,1.0,23600.0,1.0,23700.0,1.0
000629.SZ,2020-08-05,09:35:25,22700.0,0.5700680272108843,12940.544217687077,22700.0,1.0,22600.0,1.0,22500.0,1.0,22400.0,1,22300.0,1.0,22200.0,1.0,22100.0,1.0,22000.0,1.0,21900.0,0.18,21800.0,0.51,22800.0,1.0,22900.0,1.0,23000.0,1.0,23100.0,1.0,23200.0,1.0,23300.0,1.0,23400.0,1.0,23500.0,1.0,23600.0,1.0,23700.0,1.0
000629.SZ,2020-08-05,09:35:26,22700.0,0.0272108843537414,617.6870748299319,22700.0,1.0,22600.0,1.0,22500.0,1.0,22400.0,1,22300.0,1.0,22200.0,1.0,22100.0,1.0,22000.0,1.0,21900.0,0.18,21800.0,0.51,22800.0,1.0,22900.0,1.0,23000.0,1.0,23100.0,1.0,23200.0,1.0,23300.0,1.0,23400.0,1.0,23500.0,1.0,23600.0,1.0,23700.0,1.0
