StockCode,DataDate,UpdateTime,LastPrice,Volume,turnover,BidPrice1,BidVolume1,BidPrice2,BidVolume2,BidPrice3,BidVolume3,BidPrice4,BidVolume4,BidPrice5,BidVolume5,BidPrice6,BidVolume6,BidPrice7,BidVolume7,BidPrice8,BidVolume8,BidPrice9,BidVolume9,BidPrice10,BidVolume10,AskPrice1,AskVolume1,AskPrice2,AskVolume2,AskPrice3,AskVolume3,AskPrice4,AskVolume4,AskPrice5,AskVolume5,AskPrice6,AskVolume6,AskPrice7,AskVolume7,AskPrice8,AskVolume8,AskPrice9,AskVolume9,AskPrice10,AskVolume10
000629.SZ,2020-08-13,09:30:01,22200.0,0.4258503401360544,9453.877551020409,22100.0,1.0,22000.0,1.0,21900.0,1.0,21800.0,1,21700.0,1.0,21600.0,1.0,21500.0,1.0,21400.0,1.0,21300.0,1.0,21200.0,0.97,22200.0,1.0,22300.0,1.0,22400.0,1.0,22500.0,1.0,22600.0,1.0,22700.0,1.0,22800.0,1.0,22900.0,1.0,23000.0,1.0,23100.0,1.0
000629.SZ,2020-08-13,09:30:02,22200.0,1.0,22188.0,22100.0,1.0,22000.0,1.0,21900.0,1.0,21800.0,1,21700.0,1.0,21600.0,1.0,21500.0,1.0,21400.0,1.0,21300.0,1.0,21200.0,0.98,22200.0,1.0,22300.0,1.0,22400.0,1.0,22500.0,1.0,22600.0,1.0,22700.0,1.0,22800.0,1.0,22900.0,1.0,23000.0,1.0,23100.0,1.0
000629.SZ,2020-08-13,09:30:03,22200.0,0.8585034013605443,19058.775510204083,22100.0,1.0,22000.0,1.0,21900.0,1.0,21800.0,1,21700.0,1.0,21600.0,1.0,21500.0,1.0,21400.0,1.0,21300.0,1.0,21200.0,1.0,22200.0,1.0,22300.0,1.0,22400.0,1.0,22500.0,1.0,22600.0,1.0,22700.0,1.0,22800.0,1.0,22900.0,1.0,23000.0,1.0,23100.0,1.0
000629.SZ,2020-08-13,09:30:04,22200.0,0.436734693877551,9685.902040816329,22100.0,1.0,22000.0,1.0,21900.0,1.0,21800.0,1,21700.0,1.0,21600.0,1.0,21500.0,1.0,21400.0,1.0,21300.0,1.0,21200.0,1.0,22200.0,1.0,22300.0,1.0,22400.0,1.0,22500.0,1.0,22600.0,1.0,22700.0,1.0,22800.0,1.0,22900.0,1.0,23000.0,1.0,23100.0,1.0
000629.SZ,2020-08-13,09:30:05,22200.0,0.8312925170068027,18454.69387755102,22100.0,1.0,22000.0,1.0,21900.0,1.0,21800.0,1,21700.0,1.0,21600.0,1.0,21500.0,1.0,21400.0,1.0,21300.0,1.0,21200.0,1.0,22200.0,1.0,22300.0,1.0,22400.0,1.0,22500.0,1.0,22600.0,1.0,22700.0,1.0,22800.0,1.0,22900.0,1.0,23000.0,1.0,23100.0,1.0
000629.SZ,2020-08-13,09:30:06,22200.0,0.3687074829931973,8171.663945578231,22100.0,1.0,22000.0,1.0,21900.0,1.0,21800.0,1,21700.0,1.0,21600.0,1.0,21500.0,1.0,21400.0,1.0,21300.0,1.0,21200.0,1.0,22200.0,1.0,22300.0,1.0,22400.0,1.0,22500.0,1.0,22600.0,1.0,22700.0,1.0,22800.0,1.0,22900.0,1.0,23000.0,1.0,23100.0,1.0
000629.SZ,2020-08-13,09:30:07,22200.0,0.110204081632653,2446.530612244898,22100.0,1.0,22000.0,1.0,21900.0,1.0,21800.0,1,21700.0,1.0,21600.0,1.0,21500.0,1.0,21400.0,1.0,21300.0,1.0,21200.0,1.0,22200.0,1.0,22300.0,1.0,22400.0,1.0,22500.0,1.0,22600.0,1.0,22700.0,1.0,22800.0,1.0,22900.0,1.0,23000.0,1.0,23100.0,1.0
000629.SZ,2020-08-13,09:30:08,22200.0,0.0,0.0,22100.0,1.0,22000.0,1.0,21900.0,1.0,21800.0,1,21700.0,1.0,21600.0,1.0,21500.0,1.0,21400.0,1.0,21300.0,1.0,21200.0,1.0,22200.0,1.0,22300.0,1.0,22400.0,1.0,22500.0,1.0,22600.0,1.0,22700.0,1.0,22800.0,1.0,22900.0,1.0,23000.0,1.0,23100.0,1.0
000629.SZ,2020-08-13,09:30:09,22200.0,0.0040816326530612,90.6122448979592,22100.0,1.0,22000.0,1.0,21900.0,1.0,21800.0,1,21700.0,1.0,21600.0,1.0,21500.0,1.0,21400.0,1.0,21300.0,1.0,21200.0,1.0,22200.0,1.0,22300.0,1.0,22400.0,1.0,22500.0,1.0,22600.0,1.0,22700.0,1.0,22800.0,1.0,22900.0,1.0,23000.0,1.0,23100.0,1.0
000629.SZ,2020-08-13,09:30:10,22200.0,0.0,0.0,22100.0,1.0,22000.0,1.0,21900.0,1.0,21800.0,1,21700.0,1.0,21600.0,1.0,21500.0,1.0,21400.0,1.0,21300.0,1.0,21200.0,1.0,22200.0,1.0,22300.0,1.0,22400.0,1.0,22500.0,1.0,22600.0,1.0,22700.0,1.0,22800.0,1.0,22900.0,1.0,23000.0,1.0,23100.0,1.0
000629.SZ,2020-08-13,09:30:11,22200.0,0.0,0.0,22100.0,1.0,22000.0,1.0,21900.0,1.0,21800.0,1,21700.0,1.0,21600.0,1.0,21500.0,1.0,21400.0,1.0,21300.0,1.0,21200.0,1.0,22200.0,1.0,22300.0,1.0,22400.0,1.0,22500.0,1.0,22600.0,1.0,22700.0,1.0,22800.0,1.0,22900.0,1.0,23000.0,1.0,23100.0,1.0
000629.SZ,2020-08-13,09:30:12,22200.0,0.601360544217687,13292.473469387754,22100.0,1.0,22000.0,1.0,21900.0,1.0,21800.0,1,21700.0,1.0,21600.0,1.0,21500.0,1.0,21400.0,1.0,21300.0,1.0,21200.0,1.0,22200.0,1.0,22300.0,1.0,22400.0,1.0,22500.0,1.0,22600.0,1.0,22700.0,1.0,22800.0,1.0,22900.0,1.0,23000.0,1.0,23100.0,1.0
000629.SZ,2020-08-13,09:30:13,22200.0,0.0,0.0,22100.0,1.0,22000.0,1.0,21900.0,1.0,21800.0,1,21700.0,1.0,21600.0,1.0,21500.0,1.0,21400.0,1.0,21300.0,1.0,21200.0,1.0,22200.0,1.0,22300.0,1.0,22400.0,1.0,22500.0,1.0,22600.0,1.0,22700.0,1.0,22800.0,1.0,22900.0,1.0,23000.0,1.0,23100.0,1.0
000629.SZ,2020-08-13,09:30:14,22200.0,0.0829931972789115,1834.149659863945,22100.0,1.0,22000.0,1.0,21900.0,1.0,21800.0,1,21700.0,1.0,21600.0,1.0,21500.0,1.0,21400.0,1.0,21300.0,1.0,21200.0,1.0,22200.0,1.0,22300.0,1.0,22400.0,1.0,22500.0,1.0,22600.0,1.0,22700.0,1.0,22800.0,1.0,22900.0,1.0,23000.0,1.0,23100.0,1.0
000629.SZ,2020-08-13,09:30:15,22100.0,0.0,0.0,22100.0,1.0,22000.0,1.0,21900.0,1.0,21800.0,1,21700.0,1.0,21600.0,1.0,21500.0,1.0,21400.0,1.0,21300.0,1.0,21200.0,1.0,22200.0,1.0,22300.0,1.0,22400.0,1.0,22500.0,1.0,22600.0,1.0,22700.0,1.0,22800.0,1.0,22900.0,1.0,23000.0,1.0,23100.0,1.0
000629.SZ,2020-08-13,09:30:16,22100.0,0.1537414965986394,3413.061224489796,22100.0,1.0,22000.0,1.0,21900.0,1.0,21800.0,1,21700.0,1.0,21600.0,1.0,21500.0,1.0,21400.0,1.0,21300.0,1.0,21200.0,1.0,22200.0,1.0,22300.0,1.0,22400.0,1.0,22500.0,1.0,22600.0,1.0,22700.0,1.0,22800.0,1.0,22900.0,1.0,23000.0,1.0,23100.0,1.0
000629.SZ,2020-08-13,09:30:17,22200.0,0.0,0.0,22100.0,1.0,22000.0,1.0,21900.0,1.0,21800.0,1,21700.0,1.0,21600.0,1.0,21500.0,1.0,21400.0,1.0,21300.0,1.0,21200.0,1.0,22200.0,1.0,22300.0,1.0,22400.0,1.0,22500.0,1.0,22600.0,1.0,22700.0,1.0,22800.0,1.0,22900.0,1.0,23000.0,1.0,23100.0,1.0
000629.SZ,2020-08-13,09:30:18,22200.0,0.3115646258503401,6916.734693877551,22100.0,1.0,22000.0,1.0,21900.0,1.0,21800.0,1,21700.0,1.0,21600.0,1.0,21500.0,1.0,21400.0,1.0,21300.0,1.0,21200.0,1.0,22200.0,1.0,22300.0,1.0,22400.0,1.0,22500.0,1.0,22600.0,1.0,22700.0,1.0,22800.0,1.0,22900.0,1.0,23000.0,1.0,23100.0,1.0
000629.SZ,2020-08-13,09:30:19,22200.0,0.0285714285714285,634.2857142857142,22100.0,1.0,22000.0,1.0,21900.0,1.0,21800.0,1,21700.0,1.0,21600.0,1.0,21500.0,1.0,21400.0,1.0,21300.0,1.0,21200.0,1.0,22200.0,1.0,22300.0,1.0,22400.0,1.0,22500.0,1.0,22600.0,1.0,22700.0,1.0,22800.0,1.0,22900.0,1.0,23000.0,1.0,23100.0,1.0
000629.SZ,2020-08-13,09:30:20,22200.0,0.0,0.0,22100.0,1.0,22000.0,1.0,21900.0,1.0,21800.0,1,21700.0,1.0,21600.0,1.0,21500.0,1.0,21400.0,1.0,21300.0,1.0,21200.0,1.0,22200.0,1.0,22300.0,1.0,22400.0,1.0,22500.0,1.0,22600.0,1.0,22700.0,1.0,22800.0,1.0,22900.0,1.0,23000.0,1.0,23100.0,1.0
000629.SZ,2020-08-13,09:30:21,22200.0,0.0,0.0,22100.0,1.0,22000.0,1.0,21900.0,1.0,21800.0,1,21700.0,1.0,21600.0,1.0,21500.0,1.0,21400.0,1.0,21300.0,1.0,21200.0,1.0,22200.0,1.0,22300.0,1.0,22400.0,1.0,22500.0,1.0,22600.0,1.0,22700.0,1.0,22800.0,1.0,22900.0,1.0,23000.0,1.0,23100.0,1.0
000629.SZ,2020-08-13,09:30:22,22200.0,0.0408163265306122,902.0408163265304,22100.0,1.0,22000.0,1.0,21900.0,1.0,21800.0,1,21700.0,1.0,21600.0,1.0,21500.0,1.0,21400.0,1.0,21300.0,1.0,21200.0,1.0,22200.0,1.0,22300.0,1.0,22400.0,1.0,22500.0,1.0,22600.0,1.0,22700.0,1.0,22800.0,1.0,22900.0,1.0,23000.0,1.0,23100.0,1.0
000629.SZ,2020-08-13,09:30:23,22100.0,0.0,0.0,22100.0,1.0,22000.0,1.0,21900.0,1.0,21800.0,1,21700.0,1.0,21600.0,1.0,21500.0,1.0,21400.0,1.0,21300.0,1.0,21200.0,1.0,22200.0,1.0,22300.0,1.0,22400.0,1.0,22500.0,1.0,22600.0,1.0,22700.0,1.0,22800.0,1.0,22900.0,1.0,23000.0,1.0,23100.0,1.0
000629.SZ,2020-08-13,09:30:24,22100.0,0.0,0.0,22100.0,1.0,22000.0,1.0,21900.0,1.0,21800.0,1,21700.0,1.0,21600.0,1.0,21500.0,1.0,21400.0,1.0,21300.0,1.0,21200.0,1.0,22200.0,1.0,22300.0,1.0,22400.0,1.0,22500.0,1.0,22600.0,1.0,22700.0,1.0,22800.0,1.0,22900.0,1.0,23000.0,1.0,23100.0,1.0
000629.SZ,2020-08-13,09:30:25,22100.0,0.0421768707482993,932.1088435374148,22100.0,1.0,22000.0,1.0,21900.0,1.0,21800.0,1,21700.0,1.0,21600.0,1.0,21500.0,1.0,21400.0,1.0,21300.0,1.0,21200.0,1.0,22200.0,1.0,22300.0,1.0,22400.0,1.0,22500.0,1.0,22600.0,1.0,22700.0,1.0,22800.0,1.0,22900.0,1.0,23000.0,1.0,23100.0,1.0
000629.SZ,2020-08-13,09:30:26,22100.0,0.1387755102040816,3080.816326530612,22100.0,1.0,22000.0,1.0,21900.0,1.0,21800.0,1,21700.0,1.0,21600.0,1.0,21500.0,1.0,21400.0,1.0,21300.0,1.0,21200.0,1.0,22200.0,1.0,22300.0,1.0,22400.0,1.0,22500.0,1.0,22600.0,1.0,22700.0,1.0,22800.0,1.0,22900.0,1.0,23000.0,1.0,23100.0,1.0
000629.SZ,2020-08-13,09:30:27,22200.0,0.0149659863945578,330.7482993197279,22100.0,1.0,22000.0,1.0,21900.0,1.0,21800.0,1,21700.0,1.0,21600.0,1.0,21500.0,1.0,21400.0,1.0,21300.0,1.0,21200.0,1.0,22200.0,1.0,22300.0,1.0,22400.0,1.0,22500.0,1.0,22600.0,1.0,22700.0,1.0,22800.0,1.0,22900.0,1.0,23000.0,1.0,23100.0,1.0
000629.SZ,2020-08-13,09:30:28,22100.0,0.0,0.0,22100.0,1.0,22000.0,1.0,21900.0,1.0,21800.0,1,21700.0,1.0,21600.0,1.0,21500.0,1.0,21400.0,1.0,21300.0,1.0,21200.0,1.0,22200.0,1.0,22300.0,1.0,22400.0,1.0,22500.0,1.0,22600.0,1.0,22700.0,1.0,22800.0,1.0,22900.0,1.0,23000.0,1.0,23100.0,1.0
000629.SZ,2020-08-13,09:30:29,22100.0,0.0829931972789115,1834.149659863945,22100.0,1.0,22000.0,1.0,21900.0,1.0,21800.0,1,21700.0,1.0,21600.0,1.0,21500.0,1.0,21400.0,1.0,21300.0,1.0,21200.0,1.0,22200.0,1.0,22300.0,1.0,22400.0,1.0,22500.0,1.0,22600.0,1.0,22700.0,1.0,22800.0,1.0,22900.0,1.0,23000.0,1.0,23100.0,1.0
000629.SZ,2020-08-13,09:30:30,22100.0,0.0,0.0,22100.0,1.0,22000.0,1.0,21900.0,1.0,21800.0,1,21700.0,1.0,21600.0,1.0,21500.0,1.0,21400.0,1.0,21300.0,1.0,21200.0,1.0,22200.0,1.0,22300.0,1.0,22400.0,1.0,22500.0,1.0,22600.0,1.0,22700.0,1.0,22800.0,1.0,22900.0,1.0,23000.0,1.0,23100.0,1.0
000629.SZ,2020-08-13,09:30:31,22100.0,0.0,0.0,22100.0,1.0,22000.0,1.0,21900.0,1.0,21800.0,1,21700.0,1.0,21600.0,1.0,21500.0,1.0,21400.0,1.0,21300.0,1.0,21200.0,1.0,22200.0,1.0,22300.0,1.0,22400.0,1.0,22500.0,1.0,22600.0,1.0,22700.0,1.0,22800.0,1.0,22900.0,1.0,23000.0,1.0,23100.0,1.0
000629.SZ,2020-08-13,09:30:32,22100.0,0.0829931972789115,1834.149659863945,22100.0,1.0,22000.0,1.0,21900.0,1.0,21800.0,1,21700.0,1.0,21600.0,1.0,21500.0,1.0,21400.0,1.0,21300.0,1.0,21200.0,1.0,22200.0,1.0,22300.0,1.0,22400.0,1.0,22500.0,1.0,22600.0,1.0,22700.0,1.0,22800.0,1.0,22900.0,1.0,23000.0,1.0,23100.0,1.0
000629.SZ,2020-08-13,09:30:33,22100.0,0.3047619047619048,6735.238095238095,22100.0,1.0,22000.0,1.0,21900.0,1.0,21800.0,1,21700.0,1.0,21600.0,1.0,21500.0,1.0,21400.0,1.0,21300.0,1.0,21200.0,1.0,22200.0,1.0,22300.0,1.0,22400.0,1.0,22500.0,1.0,22600.0,1.0,22700.0,1.0,22800.0,1.0,22900.0,1.0,23000.0,1.0,23100.0,1.0
000629.SZ,2020-08-13,09:30:34,22100.0,0.0,0.0,22100.0,1.0,22000.0,1.0,21900.0,1.0,21800.0,1,21700.0,1.0,21600.0,1.0,21500.0,1.0,21400.0,1.0,21300.0,1.0,21200.0,1.0,22200.0,1.0,22300.0,1.0,22400.0,1.0,22500.0,1.0,22600.0,1.0,22700.0,1.0,22800.0,1.0,22900.0,1.0,23000.0,1.0,23100.0,1.0
000629.SZ,2020-08-13,09:30:35,22100.0,0.0,0.0,22100.0,1.0,22000.0,1.0,21900.0,1.0,21800.0,1,21700.0,1.0,21600.0,1.0,21500.0,1.0,21400.0,1.0,21300.0,1.0,21200.0,1.0,22200.0,1.0,22300.0,1.0,22400.0,1.0,22500.0,1.0,22600.0,1.0,22700.0,1.0,22800.0,1.0,22900.0,1.0,23000.0,1.0,23100.0,1.0
000629.SZ,2020-08-13,09:30:36,22100.0,0.0,0.0,22100.0,1.0,22000.0,1.0,21900.0,1.0,21800.0,1,21700.0,1.0,21600.0,1.0,21500.0,1.0,21400.0,1.0,21300.0,1.0,21200.0,1.0,22200.0,1.0,22300.0,1.0,22400.0,1.0,22500.0,1.0,22600.0,1.0,22700.0,1.0,22800.0,1.0,22900.0,1.0,23000.0,1.0,23100.0,1.0
000629.SZ,2020-08-13,09:30:37,22100.0,0.0108843537414965,240.5442176870748,22100.0,1.0,22000.0,1.0,21900.0,1.0,21800.0,1,21700.0,1.0,21600.0,1.0,21500.0,1.0,21400.0,1.0,21300.0,1.0,21200.0,1.0,22200.0,1.0,22300.0,1.0,22400.0,1.0,22500.0,1.0,22600.0,1.0,22700.0,1.0,22800.0,1.0,22900.0,1.0,23000.0,1.0,23100.0,1.0
000629.SZ,2020-08-13,09:30:38,22100.0,0.0299319727891156,661.4965986394558,22100.0,1.0,22000.0,1.0,21900.0,1.0,21800.0,1,21700.0,1.0,21600.0,1.0,21500.0,1.0,21400.0,1.0,21300.0,1.0,21200.0,1.0,22200.0,1.0,22300.0,1.0,22400.0,1.0,22500.0,1.0,22600.0,1.0,22700.0,1.0,22800.0,1.0,22900.0,1.0,23000.0,1.0,23100.0,1.0
000629.SZ,2020-08-13,09:30:39,22100.0,0.0829931972789115,1834.149659863945,22100.0,1.0,22000.0,1.0,21900.0,1.0,21800.0,1,21700.0,1.0,21600.0,1.0,21500.0,1.0,21400.0,1.0,21300.0,1.0,21200.0,1.0,22200.0,1.0,22300.0,1.0,22400.0,1.0,22500.0,1.0,22600.0,1.0,22700.0,1.0,22800.0,1.0,22900.0,1.0,23000.0,1.0,23100.0,1.0
000629.SZ,2020-08-13,09:30:40,22100.0,0.3265306122448979,7248.9795918367345,22100.0,1.0,22000.0,1.0,21900.0,1.0,21800.0,1,21700.0,1.0,21600.0,1.0,21500.0,1.0,21400.0,1.0,21300.0,1.0,21200.0,1.0,22200.0,1.0,22300.0,1.0,22400.0,1.0,22500.0,1.0,22600.0,1.0,22700.0,1.0,22800.0,1.0,22900.0,1.0,23000.0,1.0,23100.0,1.0
000629.SZ,2020-08-13,09:30:41,22200.0,0.0,0.0,22100.0,1.0,22000.0,1.0,21900.0,1.0,21800.0,1,21700.0,1.0,21600.0,1.0,21500.0,1.0,21400.0,1.0,21300.0,1.0,21200.0,1.0,22200.0,1.0,22300.0,1.0,22400.0,1.0,22500.0,1.0,22600.0,1.0,22700.0,1.0,22800.0,1.0,22900.0,1.0,23000.0,1.0,23100.0,1.0
000629.SZ,2020-08-13,09:30:42,22200.0,0.0,0.0,22100.0,1.0,22000.0,1.0,21900.0,1.0,21800.0,1,21700.0,1.0,21600.0,1.0,21500.0,1.0,21400.0,1.0,21300.0,1.0,21200.0,1.0,22200.0,1.0,22300.0,1.0,22400.0,1.0,22500.0,1.0,22600.0,1.0,22700.0,1.0,22800.0,1.0,22900.0,1.0,23000.0,1.0,23100.0,1.0
000629.SZ,2020-08-13,09:30:43,22200.0,0.0,0.0,22100.0,1.0,22000.0,1.0,21900.0,1.0,21800.0,1,21700.0,1.0,21600.0,1.0,21500.0,1.0,21400.0,1.0,21300.0,1.0,21200.0,1.0,22200.0,1.0,22300.0,1.0,22400.0,1.0,22500.0,1.0,22600.0,1.0,22700.0,1.0,22800.0,1.0,22900.0,1.0,23000.0,1.0,23100.0,1.0
000629.SZ,2020-08-13,09:30:44,22200.0,0.0204081632653061,453.0612244897959,22100.0,1.0,22000.0,1.0,21900.0,1.0,21800.0,1,21700.0,1.0,21600.0,1.0,21500.0,1.0,21400.0,1.0,21300.0,1.0,21200.0,1.0,22200.0,1.0,22300.0,1.0,22400.0,1.0,22500.0,1.0,22600.0,1.0,22700.0,1.0,22800.0,1.0,22900.0,1.0,23000.0,1.0,23100.0,1.0
000629.SZ,2020-08-13,09:30:45,22200.0,0.0,0.0,22100.0,1.0,22000.0,1.0,21900.0,1.0,21800.0,1,21700.0,1.0,21600.0,1.0,21500.0,1.0,21400.0,1.0,21300.0,1.0,21200.0,1.0,22200.0,1.0,22300.0,1.0,22400.0,1.0,22500.0,1.0,22600.0,1.0,22700.0,1.0,22800.0,1.0,22900.0,1.0,23000.0,1.0,23100.0,1.0
000629.SZ,2020-08-13,09:30:46,22200.0,0.0,0.0,22100.0,1.0,22000.0,1.0,21900.0,1.0,21800.0,1,21700.0,1.0,21600.0,1.0,21500.0,1.0,21400.0,1.0,21300.0,1.0,21200.0,1.0,22200.0,1.0,22300.0,1.0,22400.0,1.0,22500.0,1.0,22600.0,1.0,22700.0,1.0,22800.0,1.0,22900.0,1.0,23000.0,1.0,23100.0,1.0
000629.SZ,2020-08-13,09:30:47,22200.0,0.0,0.0,22100.0,1.0,22000.0,1.0,21900.0,1.0,21800.0,1,21700.0,1.0,21600.0,1.0,21500.0,1.0,21400.0,1.0,21300.0,1.0,21200.0,1.0,22200.0,1.0,22300.0,1.0,22400.0,1.0,22500.0,1.0,22600.0,1.0,22700.0,1.0,22800.0,1.0,22900.0,1.0,23000.0,1.0,23100.0,1.0
000629.SZ,2020-08-13,09:30:48,22200.0,0.0843537414965986,1864.2176870748297,22100.0,1.0,22000.0,1.0,21900.0,1.0,21800.0,1,21700.0,1.0,21600.0,1.0,21500.0,1.0,21400.0,1.0,21300.0,1.0,21200.0,1.0,22200.0,1.0,22300.0,1.0,22400.0,1.0,22500.0,1.0,22600.0,1.0,22700.0,1.0,22800.0,1.0,22900.0,1.0,23000.0,1.0,23100.0,1.0
000629.SZ,2020-08-13,09:30:49,22100.0,0.0,0.0,22100.0,1.0,22000.0,1.0,21900.0,1.0,21800.0,1,21700.0,1.0,21600.0,1.0,21500.0,1.0,21400.0,1.0,21300.0,1.0,21200.0,1.0,22200.0,1.0,22300.0,1.0,22400.0,1.0,22500.0,1.0,22600.0,1.0,22700.0,1.0,22800.0,1.0,22900.0,1.0,23000.0,1.0,23100.0,1.0
000629.SZ,2020-08-13,09:30:50,22100.0,0.0,0.0,22100.0,1.0,22000.0,1.0,21900.0,1.0,21800.0,1,21700.0,1.0,21600.0,1.0,21500.0,1.0,21400.0,1.0,21300.0,1.0,21200.0,1.0,22200.0,1.0,22300.0,1.0,22400.0,1.0,22500.0,1.0,22600.0,1.0,22700.0,1.0,22800.0,1.0,22900.0,1.0,23000.0,1.0,23100.0,1.0
000629.SZ,2020-08-13,09:30:51,22100.0,0.0421768707482993,936.3265306122448,22100.0,1.0,22000.0,1.0,21900.0,1.0,21800.0,1,21700.0,1.0,21600.0,1.0,21500.0,1.0,21400.0,1.0,21300.0,1.0,21200.0,1.0,22200.0,1.0,22300.0,1.0,22400.0,1.0,22500.0,1.0,22600.0,1.0,22700.0,1.0,22800.0,1.0,22900.0,1.0,23000.0,1.0,23100.0,1.0
000629.SZ,2020-08-13,09:30:52,22200.0,0.0816326530612244,1812.244897959184,22100.0,1.0,22000.0,1.0,21900.0,1.0,21800.0,1,21700.0,1.0,21600.0,1.0,21500.0,1.0,21400.0,1.0,21300.0,1.0,21200.0,1.0,22200.0,1.0,22300.0,1.0,22400.0,1.0,22500.0,1.0,22600.0,1.0,22700.0,1.0,22800.0,1.0,22900.0,1.0,23000.0,1.0,23100.0,1.0
000629.SZ,2020-08-13,09:30:53,22200.0,0.0,0.0,22100.0,1.0,22000.0,1.0,21900.0,1.0,21800.0,1,21700.0,1.0,21600.0,1.0,21500.0,1.0,21400.0,1.0,21300.0,1.0,21200.0,1.0,22200.0,1.0,22300.0,1.0,22400.0,1.0,22500.0,1.0,22600.0,1.0,22700.0,1.0,22800.0,1.0,22900.0,1.0,23000.0,1.0,23100.0,1.0
000629.SZ,2020-08-13,09:30:54,22200.0,0.0,0.0,22100.0,1.0,22000.0,1.0,21900.0,1.0,21800.0,1,21700.0,1.0,21600.0,1.0,21500.0,1.0,21400.0,1.0,21300.0,1.0,21200.0,1.0,22200.0,1.0,22300.0,1.0,22400.0,1.0,22500.0,1.0,22600.0,1.0,22700.0,1.0,22800.0,1.0,22900.0,1.0,23000.0,1.0,23100.0,1.0
000629.SZ,2020-08-13,09:30:55,22200.0,0.0,0.0,22100.0,1.0,22000.0,1.0,21900.0,1.0,21800.0,1,21700.0,1.0,21600.0,1.0,21500.0,1.0,21400.0,1.0,21300.0,1.0,21200.0,1.0,22200.0,1.0,22300.0,1.0,22400.0,1.0,22500.0,1.0,22600.0,1.0,22700.0,1.0,22800.0,1.0,22900.0,1.0,23000.0,1.0,23100.0,1.0
000629.SZ,2020-08-13,09:30:56,22200.0,0.0,0.0,22100.0,1.0,22000.0,1.0,21900.0,1.0,21800.0,1,21700.0,1.0,21600.0,1.0,21500.0,1.0,21400.0,1.0,21300.0,1.0,21200.0,1.0,22200.0,1.0,22300.0,1.0,22400.0,1.0,22500.0,1.0,22600.0,1.0,22700.0,1.0,22800.0,1.0,22900.0,1.0,23000.0,1.0,23100.0,1.0
000629.SZ,2020-08-13,09:30:57,22200.0,0.0,0.0,22100.0,1.0,22000.0,1.0,21900.0,1.0,21800.0,1,21700.0,1.0,21600.0,1.0,21500.0,1.0,21400.0,1.0,21300.0,1.0,21200.0,1.0,22200.0,1.0,22300.0,1.0,22400.0,1.0,22500.0,1.0,22600.0,1.0,22700.0,1.0,22800.0,1.0,22900.0,1.0,23000.0,1.0,23100.0,1.0
000629.SZ,2020-08-13,09:30:58,22200.0,0.0,0.0,22100.0,1.0,22000.0,1.0,21900.0,1.0,21800.0,1,21700.0,1.0,21600.0,1.0,21500.0,1.0,21400.0,1.0,21300.0,1.0,21200.0,1.0,22200.0,1.0,22300.0,1.0,22400.0,1.0,22500.0,1.0,22600.0,1.0,22700.0,1.0,22800.0,1.0,22900.0,1.0,23000.0,1.0,23100.0,1.0
000629.SZ,2020-08-13,09:30:59,22200.0,0.1088435374149659,2407.9455782312925,22100.0,1.0,22000.0,1.0,21900.0,1.0,21800.0,1,21700.0,1.0,21600.0,1.0,21500.0,1.0,21400.0,1.0,21300.0,1.0,21200.0,1.0,22200.0,1.0,22300.0,1.0,22400.0,1.0,22500.0,1.0,22600.0,1.0,22700.0,1.0,22800.0,1.0,22900.0,1.0,23000.0,1.0,23100.0,1.0
000629.SZ,2020-08-13,09:31:00,22100.0,0.0,0.0,22100.0,1.0,22000.0,1.0,21900.0,1.0,21800.0,1,21700.0,1.0,21600.0,1.0,21500.0,1.0,21400.0,1.0,21300.0,1.0,21200.0,1.0,22200.0,1.0,22300.0,1.0,22400.0,1.0,22500.0,1.0,22600.0,1.0,22700.0,1.0,22800.0,1.0,22900.0,1.0,23000.0,1.0,23100.0,1.0
000629.SZ,2020-08-13,09:31:01,22100.0,0.0,0.0,22100.0,1.0,22000.0,1.0,21900.0,1.0,21800.0,1,21700.0,1.0,21600.0,1.0,21500.0,1.0,21400.0,1.0,21300.0,1.0,21200.0,1.0,22200.0,1.0,22300.0,1.0,22400.0,1.0,22500.0,1.0,22600.0,1.0,22700.0,1.0,22800.0,1.0,22900.0,1.0,23000.0,1.0,23100.0,1.0
000629.SZ,2020-08-13,09:31:02,22100.0,0.1537414965986394,3413.061224489796,22100.0,1.0,22000.0,1.0,21900.0,1.0,21800.0,1,21700.0,1.0,21600.0,1.0,21500.0,1.0,21400.0,1.0,21300.0,1.0,21200.0,1.0,22200.0,1.0,22300.0,1.0,22400.0,1.0,22500.0,1.0,22600.0,1.0,22700.0,1.0,22800.0,1.0,22900.0,1.0,23000.0,1.0,23100.0,1.0
000629.SZ,2020-08-13,09:31:03,22200.0,0.0,0.0,22100.0,1.0,22000.0,1.0,21900.0,1.0,21800.0,1,21700.0,1.0,21600.0,1.0,21500.0,1.0,21400.0,1.0,21300.0,1.0,21200.0,1.0,22200.0,1.0,22300.0,1.0,22400.0,1.0,22500.0,1.0,22600.0,1.0,22700.0,1.0,22800.0,1.0,22900.0,1.0,23000.0,1.0,23100.0,1.0
000629.SZ,2020-08-13,09:31:04,22200.0,0.0,0.0,22100.0,1.0,22000.0,1.0,21900.0,1.0,21800.0,1,21700.0,1.0,21600.0,1.0,21500.0,1.0,21400.0,1.0,21300.0,1.0,21200.0,1.0,22200.0,1.0,22300.0,1.0,22400.0,1.0,22500.0,1.0,22600.0,1.0,22700.0,1.0,22800.0,1.0,22900.0,1.0,23000.0,1.0,23100.0,1.0
000629.SZ,2020-08-13,09:31:05,22200.0,0.0,0.0,22100.0,1.0,22000.0,1.0,21900.0,1.0,21800.0,1,21700.0,1.0,21600.0,1.0,21500.0,1.0,21400.0,1.0,21300.0,1.0,21200.0,1.0,22200.0,1.0,22300.0,1.0,22400.0,1.0,22500.0,1.0,22600.0,1.0,22700.0,1.0,22800.0,1.0,22900.0,1.0,23000.0,1.0,23100.0,1.0
000629.SZ,2020-08-13,09:31:06,22200.0,0.0,0.0,22100.0,1.0,22000.0,1.0,21900.0,1.0,21800.0,1,21700.0,1.0,21600.0,1.0,21500.0,1.0,21400.0,1.0,21300.0,1.0,21200.0,1.0,22200.0,1.0,22300.0,1.0,22400.0,1.0,22500.0,1.0,22600.0,1.0,22700.0,1.0,22800.0,1.0,22900.0,1.0,23000.0,1.0,23100.0,1.0
000629.SZ,2020-08-13,09:31:07,22200.0,0.0,0.0,22100.0,1.0,22000.0,1.0,21900.0,1.0,21800.0,1,21700.0,1.0,21600.0,1.0,21500.0,1.0,21400.0,1.0,21300.0,1.0,21200.0,1.0,22200.0,1.0,22300.0,1.0,22400.0,1.0,22500.0,1.0,22600.0,1.0,22700.0,1.0,22800.0,1.0,22900.0,1.0,23000.0,1.0,23100.0,1.0
000629.SZ,2020-08-13,09:31:08,22200.0,0.4122448979591837,9111.436734693878,22100.0,1.0,22000.0,1.0,21900.0,1.0,21800.0,1,21700.0,1.0,21600.0,1.0,21500.0,1.0,21400.0,1.0,21300.0,1.0,21200.0,1.0,22200.0,1.0,22300.0,1.0,22400.0,1.0,22500.0,1.0,22600.0,1.0,22700.0,1.0,22800.0,1.0,22900.0,1.0,23000.0,1.0,23100.0,1.0
000629.SZ,2020-08-13,09:31:09,22200.0,0.0,0.0,22100.0,1.0,22000.0,1.0,21900.0,1.0,21800.0,1,21700.0,1.0,21600.0,1.0,21500.0,1.0,21400.0,1.0,21300.0,1.0,21200.0,1.0,22200.0,1.0,22300.0,1.0,22400.0,1.0,22500.0,1.0,22600.0,1.0,22700.0,1.0,22800.0,1.0,22900.0,1.0,23000.0,1.0,23100.0,1.0
000629.SZ,2020-08-13,09:31:10,22200.0,0.0,0.0,22100.0,1.0,22000.0,1.0,21900.0,1.0,21800.0,1,21700.0,1.0,21600.0,1.0,21500.0,1.0,21400.0,1.0,21300.0,1.0,21200.0,1.0,22200.0,1.0,22300.0,1.0,22400.0,1.0,22500.0,1.0,22600.0,1.0,22700.0,1.0,22800.0,1.0,22900.0,1.0,23000.0,1.0,23100.0,1.0
000629.SZ,2020-08-13,09:31:11,22200.0,0.0,0.0,22100.0,1.0,22000.0,1.0,21900.0,1.0,21800.0,1,21700.0,1.0,21600.0,1.0,21500.0,1.0,21400.0,1.0,21300.0,1.0,21200.0,1.0,22200.0,1.0,22300.0,1.0,22400.0,1.0,22500.0,1.0,22600.0,1.0,22700.0,1.0,22800.0,1.0,22900.0,1.0,23000.0,1.0,23100.0,1.0
000629.SZ,2020-08-13,09:31:12,22200.0,0.0,0.0,22100.0,1.0,22000.0,1.0,21900.0,1.0,21800.0,1,21700.0,1.0,21600.0,1.0,21500.0,1.0,21400.0,1.0,21300.0,1.0,21200.0,1.0,22200.0,1.0,22300.0,1.0,22400.0,1.0,22500.0,1.0,22600.0,1.0,22700.0,1.0,22800.0,1.0,22900.0,1.0,23000.0,1.0,23100.0,1.0
000629.SZ,2020-08-13,09:31:13,22200.0,0.0,0.0,22100.0,1.0,22000.0,1.0,21900.0,1.0,21800.0,1,21700.0,1.0,21600.0,1.0,21500.0,1.0,21400.0,1.0,21300.0,1.0,21200.0,1.0,22200.0,1.0,22300.0,1.0,22400.0,1.0,22500.0,1.0,22600.0,1.0,22700.0,1.0,22800.0,1.0,22900.0,1.0,23000.0,1.0,23100.0,1.0
000629.SZ,2020-08-13,09:31:14,22200.0,0.0,0.0,22100.0,1.0,22000.0,1.0,21900.0,1.0,21800.0,1,21700.0,1.0,21600.0,1.0,21500.0,1.0,21400.0,1.0,21300.0,1.0,21200.0,1.0,22200.0,1.0,22300.0,1.0,22400.0,1.0,22500.0,1.0,22600.0,1.0,22700.0,1.0,22800.0,1.0,22900.0,1.0,23000.0,1.0,23100.0,1.0
000629.SZ,2020-08-13,09:31:15,22200.0,0.0,0.0,22100.0,1.0,22000.0,1.0,21900.0,1.0,21800.0,1,21700.0,1.0,21600.0,1.0,21500.0,1.0,21400.0,1.0,21300.0,1.0,21200.0,1.0,22200.0,1.0,22300.0,1.0,22400.0,1.0,22500.0,1.0,22600.0,1.0,22700.0,1.0,22800.0,1.0,22900.0,1.0,23000.0,1.0,23100.0,1.0
000629.SZ,2020-08-13,09:31:16,22200.0,0.0272108843537414,601.3605442176871,22100.0,1.0,22000.0,1.0,21900.0,1.0,21800.0,1,21700.0,1.0,21600.0,1.0,21500.0,1.0,21400.0,1.0,21300.0,1.0,21200.0,1.0,22200.0,1.0,22300.0,1.0,22400.0,1.0,22500.0,1.0,22600.0,1.0,22700.0,1.0,22800.0,1.0,22900.0,1.0,23000.0,1.0,23100.0,1.0
000629.SZ,2020-08-13,09:31:17,22100.0,0.0,0.0,22100.0,1.0,22000.0,1.0,21900.0,1.0,21800.0,1,21700.0,1.0,21600.0,1.0,21500.0,1.0,21400.0,1.0,21300.0,1.0,21200.0,1.0,22200.0,1.0,22300.0,1.0,22400.0,1.0,22500.0,1.0,22600.0,1.0,22700.0,1.0,22800.0,1.0,22900.0,1.0,23000.0,1.0,23100.0,1.0
000629.SZ,2020-08-13,09:31:18,22100.0,0.0,0.0,22100.0,1.0,22000.0,1.0,21900.0,1.0,21800.0,1,21700.0,1.0,21600.0,1.0,21500.0,1.0,21400.0,1.0,21300.0,1.0,21200.0,1.0,22200.0,1.0,22300.0,1.0,22400.0,1.0,22500.0,1.0,22600.0,1.0,22700.0,1.0,22800.0,1.0,22900.0,1.0,23000.0,1.0,23100.0,1.0
000629.SZ,2020-08-13,09:31:19,22100.0,0.5360544217687074,11846.802721088434,22100.0,1.0,22000.0,1.0,21900.0,1.0,21800.0,1,21700.0,1.0,21600.0,1.0,21500.0,1.0,21400.0,1.0,21300.0,1.0,21200.0,1.0,22200.0,1.0,22300.0,1.0,22400.0,1.0,22500.0,1.0,22600.0,1.0,22700.0,1.0,22800.0,1.0,22900.0,1.0,23000.0,1.0,23100.0,1.0
000629.SZ,2020-08-13,09:31:20,22100.0,0.0,0.0,22100.0,1.0,22000.0,1.0,21900.0,1.0,21800.0,1,21700.0,1.0,21600.0,1.0,21500.0,1.0,21400.0,1.0,21300.0,1.0,21200.0,1.0,22200.0,1.0,22300.0,1.0,22400.0,1.0,22500.0,1.0,22600.0,1.0,22700.0,1.0,22800.0,1.0,22900.0,1.0,23000.0,1.0,23100.0,1.0
000629.SZ,2020-08-13,09:31:21,22100.0,0.0,0.0,22100.0,1.0,22000.0,1.0,21900.0,1.0,21800.0,1,21700.0,1.0,21600.0,1.0,21500.0,1.0,21400.0,1.0,21300.0,1.0,21200.0,1.0,22200.0,1.0,22300.0,1.0,22400.0,1.0,22500.0,1.0,22600.0,1.0,22700.0,1.0,22800.0,1.0,22900.0,1.0,23000.0,1.0,23100.0,1.0
000629.SZ,2020-08-13,09:31:22,22100.0,0.0,0.0,22100.0,1.0,22000.0,1.0,21900.0,1.0,21800.0,1,21700.0,1.0,21600.0,1.0,21500.0,1.0,21400.0,1.0,21300.0,1.0,21200.0,1.0,22200.0,1.0,22300.0,1.0,22400.0,1.0,22500.0,1.0,22600.0,1.0,22700.0,1.0,22800.0,1.0,22900.0,1.0,23000.0,1.0,23100.0,1.0
000629.SZ,2020-08-13,09:31:23,22100.0,0.0,0.0,22100.0,1.0,22000.0,1.0,21900.0,1.0,21800.0,1,21700.0,1.0,21600.0,1.0,21500.0,1.0,21400.0,1.0,21300.0,1.0,21200.0,1.0,22200.0,1.0,22300.0,1.0,22400.0,1.0,22500.0,1.0,22600.0,1.0,22700.0,1.0,22800.0,1.0,22900.0,1.0,23000.0,1.0,23100.0,1.0
000629.SZ,2020-08-13,09:31:24,22100.0,0.5986394557823129,13229.931972789116,22100.0,1.0,22000.0,1.0,21900.0,1.0,21800.0,1,21700.0,1.0,21600.0,1.0,21500.0,1.0,21400.0,1.0,21300.0,1.0,21200.0,1.0,22200.0,1.0,22300.0,1.0,22400.0,1.0,22500.0,1.0,22600.0,1.0,22700.0,1.0,22800.0,1.0,22900.0,1.0,23000.0,1.0,23100.0,1.0
000629.SZ,2020-08-13,09:31:25,22100.0,0.0,0.0,22100.0,1.0,22000.0,1.0,21900.0,1.0,21800.0,1,21700.0,1.0,21600.0,1.0,21500.0,1.0,21400.0,1.0,21300.0,1.0,21200.0,1.0,22200.0,1.0,22300.0,1.0,22400.0,1.0,22500.0,1.0,22600.0,1.0,22700.0,1.0,22800.0,1.0,22900.0,1.0,23000.0,1.0,23100.0,1.0
000629.SZ,2020-08-13,09:31:26,22100.0,0.0,0.0,22100.0,1.0,22000.0,1.0,21900.0,1.0,21800.0,1,21700.0,1.0,21600.0,1.0,21500.0,1.0,21400.0,1.0,21300.0,1.0,21200.0,1.0,22200.0,1.0,22300.0,1.0,22400.0,1.0,22500.0,1.0,22600.0,1.0,22700.0,1.0,22800.0,1.0,22900.0,1.0,23000.0,1.0,23100.0,1.0
000629.SZ,2020-08-13,09:31:27,22100.0,0.0,0.0,22100.0,1.0,22000.0,1.0,21900.0,1.0,21800.0,1,21700.0,1.0,21600.0,1.0,21500.0,1.0,21400.0,1.0,21300.0,1.0,21200.0,1.0,22200.0,1.0,22300.0,1.0,22400.0,1.0,22500.0,1.0,22600.0,1.0,22700.0,1.0,22800.0,1.0,22900.0,1.0,23000.0,1.0,23100.0,1.0
000629.SZ,2020-08-13,09:31:28,22100.0,0.0,0.0,22100.0,1.0,22000.0,1.0,21900.0,1.0,21800.0,1,21700.0,1.0,21600.0,1.0,21500.0,1.0,21400.0,1.0,21300.0,1.0,21200.0,1.0,22200.0,1.0,22300.0,1.0,22400.0,1.0,22500.0,1.0,22600.0,1.0,22700.0,1.0,22800.0,1.0,22900.0,1.0,23000.0,1.0,23100.0,1.0
000629.SZ,2020-08-13,09:31:29,22100.0,0.0040816326530612,90.20408163265309,22100.0,1.0,22000.0,1.0,21900.0,1.0,21800.0,1,21700.0,1.0,21600.0,1.0,21500.0,1.0,21400.0,1.0,21300.0,1.0,21200.0,1.0,22200.0,1.0,22300.0,1.0,22400.0,1.0,22500.0,1.0,22600.0,1.0,22700.0,1.0,22800.0,1.0,22900.0,1.0,23000.0,1.0,23100.0,1.0
000629.SZ,2020-08-13,09:31:30,22100.0,0.4,8840.0,22100.0,1.0,22000.0,1.0,21900.0,1.0,21800.0,1,21700.0,1.0,21600.0,1.0,21500.0,1.0,21400.0,1.0,21300.0,1.0,21200.0,1.0,22200.0,1.0,22300.0,1.0,22400.0,1.0,22500.0,1.0,22600.0,1.0,22700.0,1.0,22800.0,1.0,22900.0,1.0,23000.0,1.0,23100.0,1.0
000629.SZ,2020-08-13,09:31:31,22100.0,0.0,0.0,22100.0,1.0,22000.0,1.0,21900.0,1.0,21800.0,1,21700.0,1.0,21600.0,1.0,21500.0,1.0,21400.0,1.0,21300.0,1.0,21200.0,1.0,22200.0,1.0,22300.0,1.0,22400.0,1.0,22500.0,1.0,22600.0,1.0,22700.0,1.0,22800.0,1.0,22900.0,1.0,23000.0,1.0,23100.0,1.0
000629.SZ,2020-08-13,09:31:32,22100.0,0.2993197278911564,6614.965986394558,22100.0,1.0,22000.0,1.0,21900.0,1.0,21800.0,1,21700.0,1.0,21600.0,1.0,21500.0,1.0,21400.0,1.0,21300.0,1.0,21200.0,1.0,22200.0,1.0,22300.0,1.0,22400.0,1.0,22500.0,1.0,22600.0,1.0,22700.0,1.0,22800.0,1.0,22900.0,1.0,23000.0,1.0,23100.0,1.0
000629.SZ,2020-08-13,09:31:33,22100.0,0.0,0.0,22100.0,1.0,22000.0,1.0,21900.0,1.0,21800.0,1,21700.0,1.0,21600.0,1.0,21500.0,1.0,21400.0,1.0,21300.0,1.0,21200.0,1.0,22200.0,1.0,22300.0,1.0,22400.0,1.0,22500.0,1.0,22600.0,1.0,22700.0,1.0,22800.0,1.0,22900.0,1.0,23000.0,1.0,23100.0,1.0
000629.SZ,2020-08-13,09:31:34,22100.0,0.0,0.0,22100.0,1.0,22000.0,1.0,21900.0,1.0,21800.0,1,21700.0,1.0,21600.0,1.0,21500.0,1.0,21400.0,1.0,21300.0,1.0,21200.0,1.0,22200.0,1.0,22300.0,1.0,22400.0,1.0,22500.0,1.0,22600.0,1.0,22700.0,1.0,22800.0,1.0,22900.0,1.0,23000.0,1.0,23100.0,1.0
000629.SZ,2020-08-13,09:31:35,22100.0,0.0,0.0,22100.0,1.0,22000.0,1.0,21900.0,1.0,21800.0,1,21700.0,1.0,21600.0,1.0,21500.0,1.0,21400.0,1.0,21300.0,1.0,21200.0,1.0,22200.0,1.0,22300.0,1.0,22400.0,1.0,22500.0,1.0,22600.0,1.0,22700.0,1.0,22800.0,1.0,22900.0,1.0,23000.0,1.0,23100.0,1.0
000629.SZ,2020-08-13,09:31:36,22100.0,0.0,0.0,22100.0,1.0,22000.0,1.0,21900.0,1.0,21800.0,1,21700.0,1.0,21600.0,1.0,21500.0,1.0,21400.0,1.0,21300.0,1.0,21200.0,1.0,22200.0,1.0,22300.0,1.0,22400.0,1.0,22500.0,1.0,22600.0,1.0,22700.0,1.0,22800.0,1.0,22900.0,1.0,23000.0,1.0,23100.0,1.0
000629.SZ,2020-08-13,09:31:37,22100.0,0.0,0.0,22100.0,1.0,22000.0,1.0,21900.0,1.0,21800.0,1,21700.0,1.0,21600.0,1.0,21500.0,1.0,21400.0,1.0,21300.0,1.0,21200.0,1.0,22200.0,1.0,22300.0,1.0,22400.0,1.0,22500.0,1.0,22600.0,1.0,22700.0,1.0,22800.0,1.0,22900.0,1.0,23000.0,1.0,23100.0,1.0
000629.SZ,2020-08-13,09:31:38,22100.0,0.0108843537414965,240.5442176870748,22100.0,1.0,22000.0,1.0,21900.0,1.0,21800.0,1,21700.0,1.0,21600.0,1.0,21500.0,1.0,21400.0,1.0,21300.0,1.0,21200.0,1.0,22200.0,1.0,22300.0,1.0,22400.0,1.0,22500.0,1.0,22600.0,1.0,22700.0,1.0,22800.0,1.0,22900.0,1.0,23000.0,1.0,23100.0,1.0
000629.SZ,2020-08-13,09:31:39,22100.0,0.0,0.0,22100.0,1.0,22000.0,1.0,21900.0,1.0,21800.0,1,21700.0,1.0,21600.0,1.0,21500.0,1.0,21400.0,1.0,21300.0,1.0,21200.0,1.0,22200.0,1.0,22300.0,1.0,22400.0,1.0,22500.0,1.0,22600.0,1.0,22700.0,1.0,22800.0,1.0,22900.0,1.0,23000.0,1.0,23100.0,1.0
000629.SZ,2020-08-13,09:31:40,22100.0,0.0,0.0,22100.0,1.0,22000.0,1.0,21900.0,1.0,21800.0,1,21700.0,1.0,21600.0,1.0,21500.0,1.0,21400.0,1.0,21300.0,1.0,21200.0,1.0,22200.0,1.0,22300.0,1.0,22400.0,1.0,22500.0,1.0,22600.0,1.0,22700.0,1.0,22800.0,1.0,22900.0,1.0,23000.0,1.0,23100.0,1.0
000629.SZ,2020-08-13,09:31:41,22100.0,0.0027210884353741,60.13605442176871,22100.0,1.0,22000.0,1.0,21900.0,1.0,21800.0,1,21700.0,1.0,21600.0,1.0,21500.0,1.0,21400.0,1.0,21300.0,1.0,21200.0,1.0,22200.0,1.0,22300.0,1.0,22400.0,1.0,22500.0,1.0,22600.0,1.0,22700.0,1.0,22800.0,1.0,22900.0,1.0,23000.0,1.0,23100.0,1.0
000629.SZ,2020-08-13,09:31:42,22100.0,0.0,0.0,22100.0,1.0,22000.0,1.0,21900.0,1.0,21800.0,1,21700.0,1.0,21600.0,1.0,21500.0,1.0,21400.0,1.0,21300.0,1.0,21200.0,1.0,22200.0,1.0,22300.0,1.0,22400.0,1.0,22500.0,1.0,22600.0,1.0,22700.0,1.0,22800.0,1.0,22900.0,1.0,23000.0,1.0,23100.0,1.0
000629.SZ,2020-08-13,09:31:43,22100.0,0.0,0.0,22100.0,1.0,22000.0,1.0,21900.0,1.0,21800.0,1,21700.0,1.0,21600.0,1.0,21500.0,1.0,21400.0,1.0,21300.0,1.0,21200.0,1.0,22200.0,1.0,22300.0,1.0,22400.0,1.0,22500.0,1.0,22600.0,1.0,22700.0,1.0,22800.0,1.0,22900.0,1.0,23000.0,1.0,23100.0,1.0
000629.SZ,2020-08-13,09:31:44,22100.0,0.001360544217687,30.068027210884352,22100.0,1.0,22000.0,1.0,21900.0,1.0,21800.0,1,21700.0,1.0,21600.0,1.0,21500.0,1.0,21400.0,1.0,21300.0,1.0,21200.0,1.0,22200.0,1.0,22300.0,1.0,22400.0,1.0,22500.0,1.0,22600.0,1.0,22700.0,1.0,22800.0,1.0,22900.0,1.0,23000.0,1.0,23100.0,1.0
000629.SZ,2020-08-13,09:31:45,22100.0,0.0,0.0,22100.0,1.0,22000.0,1.0,21900.0,1.0,21800.0,1,21700.0,1.0,21600.0,1.0,21500.0,1.0,21400.0,1.0,21300.0,1.0,21200.0,1.0,22200.0,1.0,22300.0,1.0,22400.0,1.0,22500.0,1.0,22600.0,1.0,22700.0,1.0,22800.0,1.0,22900.0,1.0,23000.0,1.0,23100.0,1.0
000629.SZ,2020-08-13,09:31:46,22100.0,0.1836734693877551,4059.183673469388,22100.0,1.0,22000.0,1.0,21900.0,1.0,21800.0,1,21700.0,1.0,21600.0,1.0,21500.0,1.0,21400.0,1.0,21300.0,1.0,21200.0,1.0,22200.0,1.0,22300.0,1.0,22400.0,1.0,22500.0,1.0,22600.0,1.0,22700.0,1.0,22800.0,1.0,22900.0,1.0,23000.0,1.0,23100.0,1.0
000629.SZ,2020-08-13,09:31:47,22100.0,0.0,0.0,22100.0,1.0,22000.0,1.0,21900.0,1.0,21800.0,1,21700.0,1.0,21600.0,1.0,21500.0,1.0,21400.0,1.0,21300.0,1.0,21200.0,1.0,22200.0,1.0,22300.0,1.0,22400.0,1.0,22500.0,1.0,22600.0,1.0,22700.0,1.0,22800.0,1.0,22900.0,1.0,23000.0,1.0,23100.0,1.0
000629.SZ,2020-08-13,09:31:48,22100.0,0.0,0.0,22100.0,1.0,22000.0,1.0,21900.0,1.0,21800.0,1,21700.0,1.0,21600.0,1.0,21500.0,1.0,21400.0,1.0,21300.0,1.0,21200.0,1.0,22200.0,1.0,22300.0,1.0,22400.0,1.0,22500.0,1.0,22600.0,1.0,22700.0,1.0,22800.0,1.0,22900.0,1.0,23000.0,1.0,23100.0,1.0
000629.SZ,2020-08-13,09:31:49,22100.0,0.0,0.0,22100.0,1.0,22000.0,1.0,21900.0,1.0,21800.0,1,21700.0,1.0,21600.0,1.0,21500.0,1.0,21400.0,1.0,21300.0,1.0,21200.0,1.0,22200.0,1.0,22300.0,1.0,22400.0,1.0,22500.0,1.0,22600.0,1.0,22700.0,1.0,22800.0,1.0,22900.0,1.0,23000.0,1.0,23100.0,1.0
000629.SZ,2020-08-13,09:31:50,22100.0,1.0,22100.0,22100.0,1.0,22000.0,1.0,21900.0,1.0,21800.0,1,21700.0,1.0,21600.0,1.0,21500.0,1.0,21400.0,1.0,21300.0,1.0,21200.0,1.0,22200.0,1.0,22300.0,1.0,22400.0,1.0,22500.0,1.0,22600.0,1.0,22700.0,1.0,22800.0,1.0,22900.0,1.0,23000.0,1.0,23100.0,1.0
000629.SZ,2020-08-13,09:31:51,22100.0,0.0,0.0,22100.0,1.0,22000.0,1.0,21900.0,1.0,21800.0,1,21700.0,1.0,21600.0,1.0,21500.0,1.0,21400.0,1.0,21300.0,1.0,21200.0,1.0,22200.0,1.0,22300.0,1.0,22400.0,1.0,22500.0,1.0,22600.0,1.0,22700.0,1.0,22800.0,1.0,22900.0,1.0,23000.0,1.0,23100.0,1.0
000629.SZ,2020-08-13,09:31:52,22100.0,0.0,0.0,22100.0,1.0,22000.0,1.0,21900.0,1.0,21800.0,1,21700.0,1.0,21600.0,1.0,21500.0,1.0,21400.0,1.0,21300.0,1.0,21200.0,1.0,22200.0,1.0,22300.0,1.0,22400.0,1.0,22500.0,1.0,22600.0,1.0,22700.0,1.0,22800.0,1.0,22900.0,1.0,23000.0,1.0,23100.0,1.0
000629.SZ,2020-08-13,09:31:53,22100.0,0.0027210884353741,60.13605442176871,22100.0,1.0,22000.0,1.0,21900.0,1.0,21800.0,1,21700.0,1.0,21600.0,1.0,21500.0,1.0,21400.0,1.0,21300.0,1.0,21200.0,1.0,22200.0,1.0,22300.0,1.0,22400.0,1.0,22500.0,1.0,22600.0,1.0,22700.0,1.0,22800.0,1.0,22900.0,1.0,23000.0,1.0,23100.0,1.0
000629.SZ,2020-08-13,09:31:54,22100.0,0.0,0.0,22100.0,1.0,22000.0,1.0,21900.0,1.0,21800.0,1,21700.0,1.0,21600.0,1.0,21500.0,1.0,21400.0,1.0,21300.0,1.0,21200.0,1.0,22200.0,1.0,22300.0,1.0,22400.0,1.0,22500.0,1.0,22600.0,1.0,22700.0,1.0,22800.0,1.0,22900.0,1.0,23000.0,1.0,23100.0,1.0
000629.SZ,2020-08-13,09:31:55,22100.0,0.0122448979591836,270.6122448979592,22100.0,1.0,22000.0,1.0,21900.0,1.0,21800.0,1,21700.0,1.0,21600.0,1.0,21500.0,1.0,21400.0,1.0,21300.0,1.0,21200.0,1.0,22200.0,1.0,22300.0,1.0,22400.0,1.0,22500.0,1.0,22600.0,1.0,22700.0,1.0,22800.0,1.0,22900.0,1.0,23000.0,1.0,23100.0,1.0
000629.SZ,2020-08-13,09:31:56,22100.0,0.0217687074829931,483.2653061224489,22100.0,1.0,22000.0,1.0,21900.0,1.0,21800.0,1,21700.0,1.0,21600.0,1.0,21500.0,1.0,21400.0,1.0,21300.0,1.0,21200.0,1.0,22200.0,1.0,22300.0,1.0,22400.0,1.0,22500.0,1.0,22600.0,1.0,22700.0,1.0,22800.0,1.0,22900.0,1.0,23000.0,1.0,23100.0,1.0
000629.SZ,2020-08-13,09:31:57,22200.0,0.0,0.0,22100.0,1.0,22000.0,1.0,21900.0,1.0,21800.0,1,21700.0,1.0,21600.0,1.0,21500.0,1.0,21400.0,1.0,21300.0,1.0,21200.0,1.0,22200.0,1.0,22300.0,1.0,22400.0,1.0,22500.0,1.0,22600.0,1.0,22700.0,1.0,22800.0,1.0,22900.0,1.0,23000.0,1.0,23100.0,1.0
000629.SZ,2020-08-13,09:31:58,22200.0,0.001360544217687,30.068027210884352,22100.0,1.0,22000.0,1.0,21900.0,1.0,21800.0,1,21700.0,1.0,21600.0,1.0,21500.0,1.0,21400.0,1.0,21300.0,1.0,21200.0,1.0,22200.0,1.0,22300.0,1.0,22400.0,1.0,22500.0,1.0,22600.0,1.0,22700.0,1.0,22800.0,1.0,22900.0,1.0,23000.0,1.0,23100.0,1.0
000629.SZ,2020-08-13,09:31:59,22100.0,0.0040816326530612,90.20408163265309,22100.0,1.0,22000.0,1.0,21900.0,1.0,21800.0,1,21700.0,1.0,21600.0,1.0,21500.0,1.0,21400.0,1.0,21300.0,1.0,21200.0,1.0,22200.0,1.0,22300.0,1.0,22400.0,1.0,22500.0,1.0,22600.0,1.0,22700.0,1.0,22800.0,1.0,22900.0,1.0,23000.0,1.0,23100.0,1.0
000629.SZ,2020-08-13,09:32:00,22100.0,0.0408163265306122,906.1224489795918,22100.0,1.0,22000.0,1.0,21900.0,1.0,21800.0,1,21700.0,1.0,21600.0,1.0,21500.0,1.0,21400.0,1.0,21300.0,1.0,21200.0,1.0,22200.0,1.0,22300.0,1.0,22400.0,1.0,22500.0,1.0,22600.0,1.0,22700.0,1.0,22800.0,1.0,22900.0,1.0,23000.0,1.0,23100.0,1.0
000629.SZ,2020-08-13,09:32:01,22200.0,0.2748299319727891,6101.224489795918,22100.0,1.0,22000.0,1.0,21900.0,1.0,21800.0,1,21700.0,1.0,21600.0,1.0,21500.0,1.0,21400.0,1.0,21300.0,1.0,21200.0,1.0,22200.0,1.0,22300.0,1.0,22400.0,1.0,22500.0,1.0,22600.0,1.0,22700.0,1.0,22800.0,1.0,22900.0,1.0,23000.0,1.0,23100.0,1.0
000629.SZ,2020-08-13,09:32:02,22200.0,0.0571428571428571,1268.5714285714284,22100.0,1.0,22000.0,1.0,21900.0,1.0,21800.0,1,21700.0,1.0,21600.0,1.0,21500.0,1.0,21400.0,1.0,21300.0,1.0,21200.0,1.0,22200.0,1.0,22300.0,1.0,22400.0,1.0,22500.0,1.0,22600.0,1.0,22700.0,1.0,22800.0,1.0,22900.0,1.0,23000.0,1.0,23100.0,1.0
000629.SZ,2020-08-13,09:32:03,22200.0,0.0,0.0,22100.0,1.0,22000.0,1.0,21900.0,1.0,21800.0,1,21700.0,1.0,21600.0,1.0,21500.0,1.0,21400.0,1.0,21300.0,1.0,21200.0,1.0,22200.0,1.0,22300.0,1.0,22400.0,1.0,22500.0,1.0,22600.0,1.0,22700.0,1.0,22800.0,1.0,22900.0,1.0,23000.0,1.0,23100.0,1.0
000629.SZ,2020-08-13,09:32:04,22200.0,0.0,0.0,22100.0,1.0,22000.0,1.0,21900.0,1.0,21800.0,1,21700.0,1.0,21600.0,1.0,21500.0,1.0,21400.0,1.0,21300.0,1.0,21200.0,1.0,22200.0,1.0,22300.0,1.0,22400.0,1.0,22500.0,1.0,22600.0,1.0,22700.0,1.0,22800.0,1.0,22900.0,1.0,23000.0,1.0,23100.0,1.0
000629.SZ,2020-08-13,09:32:05,22200.0,0.0,0.0,22100.0,1.0,22000.0,1.0,21900.0,1.0,21800.0,1,21700.0,1.0,21600.0,1.0,21500.0,1.0,21400.0,1.0,21300.0,1.0,21200.0,1.0,22200.0,1.0,22300.0,1.0,22400.0,1.0,22500.0,1.0,22600.0,1.0,22700.0,1.0,22800.0,1.0,22900.0,1.0,23000.0,1.0,23100.0,1.0
000629.SZ,2020-08-13,09:32:06,22200.0,0.0,0.0,22100.0,1.0,22000.0,1.0,21900.0,1.0,21800.0,1,21700.0,1.0,21600.0,1.0,21500.0,1.0,21400.0,1.0,21300.0,1.0,21200.0,1.0,22200.0,1.0,22300.0,1.0,22400.0,1.0,22500.0,1.0,22600.0,1.0,22700.0,1.0,22800.0,1.0,22900.0,1.0,23000.0,1.0,23100.0,1.0
000629.SZ,2020-08-13,09:32:07,22200.0,0.0176870748299319,392.6530612244898,22100.0,1.0,22000.0,1.0,21900.0,1.0,21800.0,1,21700.0,1.0,21600.0,1.0,21500.0,1.0,21400.0,1.0,21300.0,1.0,21200.0,1.0,22200.0,1.0,22300.0,1.0,22400.0,1.0,22500.0,1.0,22600.0,1.0,22700.0,1.0,22800.0,1.0,22900.0,1.0,23000.0,1.0,23100.0,1.0
000629.SZ,2020-08-13,09:32:08,22200.0,0.0,0.0,22100.0,1.0,22000.0,1.0,21900.0,1.0,21800.0,1,21700.0,1.0,21600.0,1.0,21500.0,1.0,21400.0,1.0,21300.0,1.0,21200.0,1.0,22200.0,1.0,22300.0,1.0,22400.0,1.0,22500.0,1.0,22600.0,1.0,22700.0,1.0,22800.0,1.0,22900.0,1.0,23000.0,1.0,23100.0,1.0
000629.SZ,2020-08-13,09:32:09,22200.0,0.1360544217687075,3006.802721088436,22100.0,1.0,22000.0,1.0,21900.0,1.0,21800.0,1,21700.0,1.0,21600.0,1.0,21500.0,1.0,21400.0,1.0,21300.0,1.0,21200.0,1.0,22200.0,1.0,22300.0,1.0,22400.0,1.0,22500.0,1.0,22600.0,1.0,22700.0,1.0,22800.0,1.0,22900.0,1.0,23000.0,1.0,23100.0,1.0
000629.SZ,2020-08-13,09:32:10,22100.0,0.0,0.0,22100.0,1.0,22000.0,1.0,21900.0,1.0,21800.0,1,21700.0,1.0,21600.0,1.0,21500.0,1.0,21400.0,1.0,21300.0,1.0,21200.0,1.0,22200.0,1.0,22300.0,1.0,22400.0,1.0,22500.0,1.0,22600.0,1.0,22700.0,1.0,22800.0,1.0,22900.0,1.0,23000.0,1.0,23100.0,1.0
000629.SZ,2020-08-13,09:32:11,22100.0,0.0,0.0,22100.0,1.0,22000.0,1.0,21900.0,1.0,21800.0,1,21700.0,1.0,21600.0,1.0,21500.0,1.0,21400.0,1.0,21300.0,1.0,21200.0,1.0,22200.0,1.0,22300.0,1.0,22400.0,1.0,22500.0,1.0,22600.0,1.0,22700.0,1.0,22800.0,1.0,22900.0,1.0,23000.0,1.0,23100.0,1.0
000629.SZ,2020-08-13,09:32:12,22100.0,0.0,0.0,22100.0,1.0,22000.0,1.0,21900.0,1.0,21800.0,1,21700.0,1.0,21600.0,1.0,21500.0,1.0,21400.0,1.0,21300.0,1.0,21200.0,1.0,22200.0,1.0,22300.0,1.0,22400.0,1.0,22500.0,1.0,22600.0,1.0,22700.0,1.0,22800.0,1.0,22900.0,1.0,23000.0,1.0,23100.0,1.0
000629.SZ,2020-08-13,09:32:13,22100.0,0.0,0.0,22100.0,1.0,22000.0,1.0,21900.0,1.0,21800.0,1,21700.0,1.0,21600.0,1.0,21500.0,1.0,21400.0,1.0,21300.0,1.0,21200.0,1.0,22200.0,1.0,22300.0,1.0,22400.0,1.0,22500.0,1.0,22600.0,1.0,22700.0,1.0,22800.0,1.0,22900.0,1.0,23000.0,1.0,23100.0,1.0
000629.SZ,2020-08-13,09:32:14,22100.0,0.0,0.0,22100.0,1.0,22000.0,1.0,21900.0,1.0,21800.0,1,21700.0,1.0,21600.0,1.0,21500.0,1.0,21400.0,1.0,21300.0,1.0,21200.0,1.0,22200.0,1.0,22300.0,1.0,22400.0,1.0,22500.0,1.0,22600.0,1.0,22700.0,1.0,22800.0,1.0,22900.0,1.0,23000.0,1.0,23100.0,1.0
000629.SZ,2020-08-13,09:32:15,22100.0,0.0,0.0,22100.0,1.0,22000.0,1.0,21900.0,1.0,21800.0,1,21700.0,1.0,21600.0,1.0,21500.0,1.0,21400.0,1.0,21300.0,1.0,21200.0,1.0,22200.0,1.0,22300.0,1.0,22400.0,1.0,22500.0,1.0,22600.0,1.0,22700.0,1.0,22800.0,1.0,22900.0,1.0,23000.0,1.0,23100.0,1.0
000629.SZ,2020-08-13,09:32:16,22100.0,0.0,0.0,22100.0,1.0,22000.0,1.0,21900.0,1.0,21800.0,1,21700.0,1.0,21600.0,1.0,21500.0,1.0,21400.0,1.0,21300.0,1.0,21200.0,1.0,22200.0,1.0,22300.0,1.0,22400.0,1.0,22500.0,1.0,22600.0,1.0,22700.0,1.0,22800.0,1.0,22900.0,1.0,23000.0,1.0,23100.0,1.0
000629.SZ,2020-08-13,09:32:17,22100.0,0.0,0.0,22100.0,1.0,22000.0,1.0,21900.0,1.0,21800.0,1,21700.0,1.0,21600.0,1.0,21500.0,1.0,21400.0,1.0,21300.0,1.0,21200.0,1.0,22200.0,1.0,22300.0,1.0,22400.0,1.0,22500.0,1.0,22600.0,1.0,22700.0,1.0,22800.0,1.0,22900.0,1.0,23000.0,1.0,23100.0,1.0
000629.SZ,2020-08-13,09:32:18,22100.0,0.1251700680272109,2778.775510204082,22100.0,1.0,22000.0,1.0,21900.0,1.0,21800.0,1,21700.0,1.0,21600.0,1.0,21500.0,1.0,21400.0,1.0,21300.0,1.0,21200.0,1.0,22200.0,1.0,22300.0,1.0,22400.0,1.0,22500.0,1.0,22600.0,1.0,22700.0,1.0,22800.0,1.0,22900.0,1.0,23000.0,1.0,23100.0,1.0
000629.SZ,2020-08-13,09:32:19,22200.0,0.0,0.0,22100.0,1.0,22000.0,1.0,21900.0,1.0,21800.0,1,21700.0,1.0,21600.0,1.0,21500.0,1.0,21400.0,1.0,21300.0,1.0,21200.0,1.0,22200.0,1.0,22300.0,1.0,22400.0,1.0,22500.0,1.0,22600.0,1.0,22700.0,1.0,22800.0,1.0,22900.0,1.0,23000.0,1.0,23100.0,1.0
000629.SZ,2020-08-13,09:32:20,22200.0,0.0,0.0,22100.0,1.0,22000.0,1.0,21900.0,1.0,21800.0,1,21700.0,1.0,21600.0,1.0,21500.0,1.0,21400.0,1.0,21300.0,1.0,21200.0,1.0,22200.0,1.0,22300.0,1.0,22400.0,1.0,22500.0,1.0,22600.0,1.0,22700.0,1.0,22800.0,1.0,22900.0,1.0,23000.0,1.0,23100.0,1.0
000629.SZ,2020-08-13,09:32:21,22200.0,1.0,22100.0,22100.0,1.0,22000.0,1.0,21900.0,1.0,21800.0,1,21700.0,1.0,21600.0,1.0,21500.0,1.0,21400.0,1.0,21300.0,1.0,21200.0,1.0,22200.0,1.0,22300.0,1.0,22400.0,1.0,22500.0,1.0,22600.0,1.0,22700.0,1.0,22800.0,1.0,22900.0,1.0,23000.0,1.0,23100.0,1.0
000629.SZ,2020-08-13,09:32:22,22100.0,0.0,0.0,22100.0,1.0,22000.0,1.0,21900.0,1.0,21800.0,1,21700.0,1.0,21600.0,1.0,21500.0,1.0,21400.0,1.0,21300.0,1.0,21200.0,1.0,22200.0,1.0,22300.0,1.0,22400.0,1.0,22500.0,1.0,22600.0,1.0,22700.0,1.0,22800.0,1.0,22900.0,1.0,23000.0,1.0,23100.0,1.0
000629.SZ,2020-08-13,09:32:23,22100.0,0.0,0.0,22100.0,1.0,22000.0,1.0,21900.0,1.0,21800.0,1,21700.0,1.0,21600.0,1.0,21500.0,1.0,21400.0,1.0,21300.0,1.0,21200.0,1.0,22200.0,1.0,22300.0,1.0,22400.0,1.0,22500.0,1.0,22600.0,1.0,22700.0,1.0,22800.0,1.0,22900.0,1.0,23000.0,1.0,23100.0,1.0
000629.SZ,2020-08-13,09:32:24,22100.0,0.0,0.0,22100.0,1.0,22000.0,1.0,21900.0,1.0,21800.0,1,21700.0,1.0,21600.0,1.0,21500.0,1.0,21400.0,1.0,21300.0,1.0,21200.0,1.0,22200.0,1.0,22300.0,1.0,22400.0,1.0,22500.0,1.0,22600.0,1.0,22700.0,1.0,22800.0,1.0,22900.0,1.0,23000.0,1.0,23100.0,1.0
000629.SZ,2020-08-13,09:32:25,22100.0,0.0,0.0,22100.0,1.0,22000.0,1.0,21900.0,1.0,21800.0,1,21700.0,1.0,21600.0,1.0,21500.0,1.0,21400.0,1.0,21300.0,1.0,21200.0,1.0,22200.0,1.0,22300.0,1.0,22400.0,1.0,22500.0,1.0,22600.0,1.0,22700.0,1.0,22800.0,1.0,22900.0,1.0,23000.0,1.0,23100.0,1.0
000629.SZ,2020-08-13,09:32:26,22100.0,0.0068027210884353,151.0204081632653,22100.0,1.0,22000.0,1.0,21900.0,1.0,21800.0,1,21700.0,1.0,21600.0,1.0,21500.0,1.0,21400.0,1.0,21300.0,1.0,21200.0,1.0,22200.0,1.0,22300.0,1.0,22400.0,1.0,22500.0,1.0,22600.0,1.0,22700.0,1.0,22800.0,1.0,22900.0,1.0,23000.0,1.0,23100.0,1.0
000629.SZ,2020-08-13,09:32:27,22200.0,0.0,0.0,22100.0,1.0,22000.0,1.0,21900.0,1.0,21800.0,1,21700.0,1.0,21600.0,1.0,21500.0,1.0,21400.0,1.0,21300.0,1.0,21200.0,1.0,22200.0,1.0,22300.0,1.0,22400.0,1.0,22500.0,1.0,22600.0,1.0,22700.0,1.0,22800.0,1.0,22900.0,1.0,23000.0,1.0,23100.0,1.0
000629.SZ,2020-08-13,09:32:28,22200.0,0.0,0.0,22100.0,1.0,22000.0,1.0,21900.0,1.0,21800.0,1,21700.0,1.0,21600.0,1.0,21500.0,1.0,21400.0,1.0,21300.0,1.0,21200.0,1.0,22200.0,1.0,22300.0,1.0,22400.0,1.0,22500.0,1.0,22600.0,1.0,22700.0,1.0,22800.0,1.0,22900.0,1.0,23000.0,1.0,23100.0,1.0
000629.SZ,2020-08-13,09:32:29,22200.0,0.1360544217687075,3006.802721088436,22100.0,1.0,22000.0,1.0,21900.0,1.0,21800.0,1,21700.0,1.0,21600.0,1.0,21500.0,1.0,21400.0,1.0,21300.0,1.0,21200.0,1.0,22200.0,1.0,22300.0,1.0,22400.0,1.0,22500.0,1.0,22600.0,1.0,22700.0,1.0,22800.0,1.0,22900.0,1.0,23000.0,1.0,23100.0,1.0
000629.SZ,2020-08-13,09:32:30,22100.0,0.0040816326530612,90.6122448979592,22100.0,1.0,22000.0,1.0,21900.0,1.0,21800.0,1,21700.0,1.0,21600.0,1.0,21500.0,1.0,21400.0,1.0,21300.0,1.0,21200.0,1.0,22200.0,1.0,22300.0,1.0,22400.0,1.0,22500.0,1.0,22600.0,1.0,22700.0,1.0,22800.0,1.0,22900.0,1.0,23000.0,1.0,23100.0,1.0
000629.SZ,2020-08-13,09:32:31,22200.0,0.0,0.0,22100.0,1.0,22000.0,1.0,21900.0,1.0,21800.0,1,21700.0,1.0,21600.0,1.0,21500.0,1.0,21400.0,1.0,21300.0,1.0,21200.0,1.0,22200.0,1.0,22300.0,1.0,22400.0,1.0,22500.0,1.0,22600.0,1.0,22700.0,1.0,22800.0,1.0,22900.0,1.0,23000.0,1.0,23100.0,1.0
000629.SZ,2020-08-13,09:32:32,22200.0,0.0149659863945578,330.7482993197279,22100.0,1.0,22000.0,1.0,21900.0,1.0,21800.0,1,21700.0,1.0,21600.0,1.0,21500.0,1.0,21400.0,1.0,21300.0,1.0,21200.0,1.0,22200.0,1.0,22300.0,1.0,22400.0,1.0,22500.0,1.0,22600.0,1.0,22700.0,1.0,22800.0,1.0,22900.0,1.0,23000.0,1.0,23100.0,1.0
000629.SZ,2020-08-13,09:32:33,22100.0,0.0149659863945578,330.7482993197279,22100.0,1.0,22000.0,1.0,21900.0,1.0,21800.0,1,21700.0,1.0,21600.0,1.0,21500.0,1.0,21400.0,1.0,21300.0,1.0,21200.0,1.0,22200.0,1.0,22300.0,1.0,22400.0,1.0,22500.0,1.0,22600.0,1.0,22700.0,1.0,22800.0,1.0,22900.0,1.0,23000.0,1.0,23100.0,1.0
000629.SZ,2020-08-13,09:32:34,22100.0,1.0,22100.0,22100.0,1.0,22000.0,1.0,21900.0,1.0,21800.0,1,21700.0,1.0,21600.0,1.0,21500.0,1.0,21400.0,1.0,21300.0,1.0,21200.0,1.0,22200.0,1.0,22300.0,1.0,22400.0,1.0,22500.0,1.0,22600.0,1.0,22700.0,1.0,22800.0,1.0,22900.0,1.0,23000.0,1.0,23100.0,1.0
000629.SZ,2020-08-13,09:32:35,22100.0,0.0843537414965986,1864.2176870748297,22100.0,1.0,22000.0,1.0,21900.0,1.0,21800.0,1,21700.0,1.0,21600.0,1.0,21500.0,1.0,21400.0,1.0,21300.0,1.0,21200.0,1.0,22200.0,1.0,22300.0,1.0,22400.0,1.0,22500.0,1.0,22600.0,1.0,22700.0,1.0,22800.0,1.0,22900.0,1.0,23000.0,1.0,23100.0,1.0
000629.SZ,2020-08-13,09:32:36,22100.0,0.0585034013605442,1292.9251700680272,22100.0,1.0,22000.0,1.0,21900.0,1.0,21800.0,1,21700.0,1.0,21600.0,1.0,21500.0,1.0,21400.0,1.0,21300.0,1.0,21200.0,1.0,22200.0,1.0,22300.0,1.0,22400.0,1.0,22500.0,1.0,22600.0,1.0,22700.0,1.0,22800.0,1.0,22900.0,1.0,23000.0,1.0,23100.0,1.0
000629.SZ,2020-08-13,09:32:37,22100.0,0.0054421768707482,120.2721088435374,22100.0,1.0,22000.0,1.0,21900.0,1.0,21800.0,1,21700.0,1.0,21600.0,1.0,21500.0,1.0,21400.0,1.0,21300.0,1.0,21200.0,1.0,22200.0,1.0,22300.0,1.0,22400.0,1.0,22500.0,1.0,22600.0,1.0,22700.0,1.0,22800.0,1.0,22900.0,1.0,23000.0,1.0,23100.0,1.0
000629.SZ,2020-08-13,09:32:38,22100.0,0.0122448979591836,270.6122448979592,22100.0,1.0,22000.0,1.0,21900.0,1.0,21800.0,1,21700.0,1.0,21600.0,1.0,21500.0,1.0,21400.0,1.0,21300.0,1.0,21200.0,1.0,22200.0,1.0,22300.0,1.0,22400.0,1.0,22500.0,1.0,22600.0,1.0,22700.0,1.0,22800.0,1.0,22900.0,1.0,23000.0,1.0,23100.0,1.0
000629.SZ,2020-08-13,09:32:39,22100.0,0.6857142857142857,15154.285714285714,22100.0,1.0,22000.0,1.0,21900.0,1.0,21800.0,1,21700.0,1.0,21600.0,1.0,21500.0,1.0,21400.0,1.0,21300.0,1.0,21200.0,1.0,22200.0,1.0,22300.0,1.0,22400.0,1.0,22500.0,1.0,22600.0,1.0,22700.0,1.0,22800.0,1.0,22900.0,1.0,23000.0,1.0,23100.0,1.0
000629.SZ,2020-08-13,09:32:40,22100.0,0.1931972789115646,4269.659863945579,22100.0,1.0,22000.0,1.0,21900.0,1.0,21800.0,1,21700.0,1.0,21600.0,1.0,21500.0,1.0,21400.0,1.0,21300.0,1.0,21200.0,1.0,22200.0,1.0,22300.0,1.0,22400.0,1.0,22500.0,1.0,22600.0,1.0,22700.0,1.0,22800.0,1.0,22900.0,1.0,23000.0,1.0,23100.0,1.0
000629.SZ,2020-08-13,09:32:41,22100.0,0.001360544217687,30.068027210884352,22100.0,1.0,22000.0,1.0,21900.0,1.0,21800.0,1,21700.0,1.0,21600.0,1.0,21500.0,1.0,21400.0,1.0,21300.0,1.0,21200.0,1.0,22200.0,1.0,22300.0,1.0,22400.0,1.0,22500.0,1.0,22600.0,1.0,22700.0,1.0,22800.0,1.0,22900.0,1.0,23000.0,1.0,23100.0,1.0
000629.SZ,2020-08-13,09:32:42,22100.0,0.2,4420.0,22100.0,1.0,22000.0,1.0,21900.0,1.0,21800.0,1,21700.0,1.0,21600.0,1.0,21500.0,1.0,21400.0,1.0,21300.0,1.0,21200.0,1.0,22200.0,1.0,22300.0,1.0,22400.0,1.0,22500.0,1.0,22600.0,1.0,22700.0,1.0,22800.0,1.0,22900.0,1.0,23000.0,1.0,23100.0,1.0
000629.SZ,2020-08-13,09:32:43,22100.0,0.0653061224489796,1443.2653061224491,22100.0,1.0,22000.0,1.0,21900.0,1.0,21800.0,1,21700.0,1.0,21600.0,1.0,21500.0,1.0,21400.0,1.0,21300.0,1.0,21200.0,1.0,22200.0,1.0,22300.0,1.0,22400.0,1.0,22500.0,1.0,22600.0,1.0,22700.0,1.0,22800.0,1.0,22900.0,1.0,23000.0,1.0,23100.0,1.0
000629.SZ,2020-08-13,09:32:44,22100.0,0.0,0.0,22100.0,1.0,22000.0,1.0,21900.0,1.0,21800.0,1,21700.0,1.0,21600.0,1.0,21500.0,1.0,21400.0,1.0,21300.0,1.0,21200.0,1.0,22200.0,1.0,22300.0,1.0,22400.0,1.0,22500.0,1.0,22600.0,1.0,22700.0,1.0,22800.0,1.0,22900.0,1.0,23000.0,1.0,23100.0,1.0
000629.SZ,2020-08-13,09:32:45,22100.0,0.0,0.0,22100.0,1.0,22000.0,1.0,21900.0,1.0,21800.0,1,21700.0,1.0,21600.0,1.0,21500.0,1.0,21400.0,1.0,21300.0,1.0,21200.0,1.0,22200.0,1.0,22300.0,1.0,22400.0,1.0,22500.0,1.0,22600.0,1.0,22700.0,1.0,22800.0,1.0,22900.0,1.0,23000.0,1.0,23100.0,1.0
000629.SZ,2020-08-13,09:32:46,22100.0,0.0693877551020408,1533.469387755102,22100.0,1.0,22000.0,1.0,21900.0,1.0,21800.0,1,21700.0,1.0,21600.0,1.0,21500.0,1.0,21400.0,1.0,21300.0,1.0,21200.0,1.0,22200.0,1.0,22300.0,1.0,22400.0,1.0,22500.0,1.0,22600.0,1.0,22700.0,1.0,22800.0,1.0,22900.0,1.0,23000.0,1.0,23100.0,1.0
000629.SZ,2020-08-13,09:32:47,22100.0,0.0816326530612244,1812.244897959184,22100.0,1.0,22000.0,1.0,21900.0,1.0,21800.0,1,21700.0,1.0,21600.0,1.0,21500.0,1.0,21400.0,1.0,21300.0,1.0,21200.0,1.0,22200.0,1.0,22300.0,1.0,22400.0,1.0,22500.0,1.0,22600.0,1.0,22700.0,1.0,22800.0,1.0,22900.0,1.0,23000.0,1.0,23100.0,1.0
000629.SZ,2020-08-13,09:32:48,22200.0,0.0,0.0,22100.0,1.0,22000.0,1.0,21900.0,1.0,21800.0,1,21700.0,1.0,21600.0,1.0,21500.0,1.0,21400.0,1.0,21300.0,1.0,21200.0,1.0,22200.0,1.0,22300.0,1.0,22400.0,1.0,22500.0,1.0,22600.0,1.0,22700.0,1.0,22800.0,1.0,22900.0,1.0,23000.0,1.0,23100.0,1.0
000629.SZ,2020-08-13,09:32:49,22200.0,0.0,0.0,22100.0,1.0,22000.0,1.0,21900.0,1.0,21800.0,1,21700.0,1.0,21600.0,1.0,21500.0,1.0,21400.0,1.0,21300.0,1.0,21200.0,1.0,22200.0,1.0,22300.0,1.0,22400.0,1.0,22500.0,1.0,22600.0,1.0,22700.0,1.0,22800.0,1.0,22900.0,1.0,23000.0,1.0,23100.0,1.0
000629.SZ,2020-08-13,09:32:50,22200.0,0.0,0.0,22100.0,1.0,22000.0,1.0,21900.0,1.0,21800.0,1,21700.0,1.0,21600.0,1.0,21500.0,1.0,21400.0,1.0,21300.0,1.0,21200.0,1.0,22200.0,1.0,22300.0,1.0,22400.0,1.0,22500.0,1.0,22600.0,1.0,22700.0,1.0,22800.0,1.0,22900.0,1.0,23000.0,1.0,23100.0,1.0
000629.SZ,2020-08-13,09:32:51,22200.0,0.0,0.0,22100.0,1.0,22000.0,1.0,21900.0,1.0,21800.0,1,21700.0,1.0,21600.0,1.0,21500.0,1.0,21400.0,1.0,21300.0,1.0,21200.0,1.0,22200.0,1.0,22300.0,1.0,22400.0,1.0,22500.0,1.0,22600.0,1.0,22700.0,1.0,22800.0,1.0,22900.0,1.0,23000.0,1.0,23100.0,1.0
000629.SZ,2020-08-13,09:32:52,22200.0,0.0,0.0,22100.0,1.0,22000.0,1.0,21900.0,1.0,21800.0,1,21700.0,1.0,21600.0,1.0,21500.0,1.0,21400.0,1.0,21300.0,1.0,21200.0,1.0,22200.0,1.0,22300.0,1.0,22400.0,1.0,22500.0,1.0,22600.0,1.0,22700.0,1.0,22800.0,1.0,22900.0,1.0,23000.0,1.0,23100.0,1.0
000629.SZ,2020-08-13,09:32:53,22200.0,1.0,22100.0,22000.0,1.0,21900.0,1.0,21800.0,1.0,21700.0,1,21600.0,1.0,21500.0,1.0,21400.0,1.0,21300.0,1.0,21200.0,1.0,21100.0,0.32,22100.0,1.0,22200.0,1.0,22300.0,1.0,22400.0,1.0,22500.0,1.0,22600.0,1.0,22700.0,1.0,22800.0,1.0,22900.0,1.0,23000.0,1.0
000629.SZ,2020-08-13,09:32:54,22100.0,0.2163265306122449,4780.816326530613,22000.0,1.0,21900.0,1.0,21800.0,1.0,21700.0,1,21600.0,1.0,21500.0,1.0,21400.0,1.0,21300.0,1.0,21200.0,1.0,21100.0,0.32,22100.0,1.0,22200.0,1.0,22300.0,1.0,22400.0,1.0,22500.0,1.0,22600.0,1.0,22700.0,1.0,22800.0,1.0,22900.0,1.0,23000.0,1.0
000629.SZ,2020-08-13,09:32:55,22100.0,0.1891156462585034,4179.455782312925,22000.0,1.0,21900.0,1.0,21800.0,1.0,21700.0,1,21600.0,1.0,21500.0,1.0,21400.0,1.0,21300.0,1.0,21200.0,1.0,21100.0,0.32,22100.0,1.0,22200.0,1.0,22300.0,1.0,22400.0,1.0,22500.0,1.0,22600.0,1.0,22700.0,1.0,22800.0,1.0,22900.0,1.0,23000.0,1.0
000629.SZ,2020-08-13,09:32:56,22100.0,0.1442176870748299,3187.2108843537417,22000.0,1.0,21900.0,1.0,21800.0,1.0,21700.0,1,21600.0,1.0,21500.0,1.0,21400.0,1.0,21300.0,1.0,21200.0,1.0,21100.0,0.32,22100.0,1.0,22200.0,1.0,22300.0,1.0,22400.0,1.0,22500.0,1.0,22600.0,1.0,22700.0,1.0,22800.0,1.0,22900.0,1.0,23000.0,1.0
000629.SZ,2020-08-13,09:32:57,22100.0,0.0,0.0,22000.0,1.0,21900.0,1.0,21800.0,1.0,21700.0,1,21600.0,1.0,21500.0,1.0,21400.0,1.0,21300.0,1.0,21200.0,1.0,21100.0,0.32,22100.0,1.0,22200.0,1.0,22300.0,1.0,22400.0,1.0,22500.0,1.0,22600.0,1.0,22700.0,1.0,22800.0,1.0,22900.0,1.0,23000.0,1.0
000629.SZ,2020-08-13,09:32:58,22100.0,0.0136054421768707,300.68027210884355,22000.0,1.0,21900.0,1.0,21800.0,1.0,21700.0,1,21600.0,1.0,21500.0,1.0,21400.0,1.0,21300.0,1.0,21200.0,1.0,21100.0,0.32,22100.0,1.0,22200.0,1.0,22300.0,1.0,22400.0,1.0,22500.0,1.0,22600.0,1.0,22700.0,1.0,22800.0,1.0,22900.0,1.0,23000.0,1.0
000629.SZ,2020-08-13,09:32:59,22100.0,0.0,0.0,22000.0,1.0,21900.0,1.0,21800.0,1.0,21700.0,1,21600.0,1.0,21500.0,1.0,21400.0,1.0,21300.0,1.0,21200.0,1.0,21100.0,0.32,22100.0,1.0,22200.0,1.0,22300.0,1.0,22400.0,1.0,22500.0,1.0,22600.0,1.0,22700.0,1.0,22800.0,1.0,22900.0,1.0,23000.0,1.0
000629.SZ,2020-08-13,09:33:00,22100.0,0.0,0.0,22000.0,1.0,21900.0,1.0,21800.0,1.0,21700.0,1,21600.0,1.0,21500.0,1.0,21400.0,1.0,21300.0,1.0,21200.0,1.0,21100.0,0.32,22100.0,1.0,22200.0,1.0,22300.0,1.0,22400.0,1.0,22500.0,1.0,22600.0,1.0,22700.0,1.0,22800.0,1.0,22900.0,1.0,23000.0,1.0
000629.SZ,2020-08-13,09:33:01,22100.0,0.1360544217687075,3006.802721088436,22000.0,1.0,21900.0,1.0,21800.0,1.0,21700.0,1,21600.0,1.0,21500.0,1.0,21400.0,1.0,21300.0,1.0,21200.0,1.0,21100.0,0.32,22100.0,1.0,22200.0,1.0,22300.0,1.0,22400.0,1.0,22500.0,1.0,22600.0,1.0,22700.0,1.0,22800.0,1.0,22900.0,1.0,23000.0,1.0
000629.SZ,2020-08-13,09:33:02,22100.0,0.0,0.0,22000.0,1.0,21900.0,1.0,21800.0,1.0,21700.0,1,21600.0,1.0,21500.0,1.0,21400.0,1.0,21300.0,1.0,21200.0,1.0,21100.0,0.32,22100.0,1.0,22200.0,1.0,22300.0,1.0,22400.0,1.0,22500.0,1.0,22600.0,1.0,22700.0,1.0,22800.0,1.0,22900.0,1.0,23000.0,1.0
000629.SZ,2020-08-13,09:33:03,22100.0,0.0,0.0,22000.0,1.0,21900.0,1.0,21800.0,1.0,21700.0,1,21600.0,1.0,21500.0,1.0,21400.0,1.0,21300.0,1.0,21200.0,1.0,21100.0,0.32,22100.0,1.0,22200.0,1.0,22300.0,1.0,22400.0,1.0,22500.0,1.0,22600.0,1.0,22700.0,1.0,22800.0,1.0,22900.0,1.0,23000.0,1.0
000629.SZ,2020-08-13,09:33:04,22100.0,0.0272108843537414,601.3605442176871,22000.0,1.0,21900.0,1.0,21800.0,1.0,21700.0,1,21600.0,1.0,21500.0,1.0,21400.0,1.0,21300.0,1.0,21200.0,1.0,21100.0,0.32,22100.0,1.0,22200.0,1.0,22300.0,1.0,22400.0,1.0,22500.0,1.0,22600.0,1.0,22700.0,1.0,22800.0,1.0,22900.0,1.0,23000.0,1.0
000629.SZ,2020-08-13,09:33:05,22100.0,0.0340136054421768,751.7006802721089,22000.0,1.0,21900.0,1.0,21800.0,1.0,21700.0,1,21600.0,1.0,21500.0,1.0,21400.0,1.0,21300.0,1.0,21200.0,1.0,21100.0,0.32,22100.0,1.0,22200.0,1.0,22300.0,1.0,22400.0,1.0,22500.0,1.0,22600.0,1.0,22700.0,1.0,22800.0,1.0,22900.0,1.0,23000.0,1.0
000629.SZ,2020-08-13,09:33:06,22100.0,0.0,0.0,22000.0,1.0,21900.0,1.0,21800.0,1.0,21700.0,1,21600.0,1.0,21500.0,1.0,21400.0,1.0,21300.0,1.0,21200.0,1.0,21100.0,0.32,22100.0,1.0,22200.0,1.0,22300.0,1.0,22400.0,1.0,22500.0,1.0,22600.0,1.0,22700.0,1.0,22800.0,1.0,22900.0,1.0,23000.0,1.0
000629.SZ,2020-08-13,09:33:07,22100.0,0.001360544217687,30.068027210884352,22000.0,1.0,21900.0,1.0,21800.0,1.0,21700.0,1,21600.0,1.0,21500.0,1.0,21400.0,1.0,21300.0,1.0,21200.0,1.0,21100.0,0.32,22100.0,1.0,22200.0,1.0,22300.0,1.0,22400.0,1.0,22500.0,1.0,22600.0,1.0,22700.0,1.0,22800.0,1.0,22900.0,1.0,23000.0,1.0
000629.SZ,2020-08-13,09:33:08,22100.0,0.0,0.0,22000.0,1.0,21900.0,1.0,21800.0,1.0,21700.0,1,21600.0,1.0,21500.0,1.0,21400.0,1.0,21300.0,1.0,21200.0,1.0,21100.0,0.32,22100.0,1.0,22200.0,1.0,22300.0,1.0,22400.0,1.0,22500.0,1.0,22600.0,1.0,22700.0,1.0,22800.0,1.0,22900.0,1.0,23000.0,1.0
000629.SZ,2020-08-13,09:33:09,22100.0,0.0,0.0,22000.0,1.0,21900.0,1.0,21800.0,1.0,21700.0,1,21600.0,1.0,21500.0,1.0,21400.0,1.0,21300.0,1.0,21200.0,1.0,21100.0,0.32,22100.0,1.0,22200.0,1.0,22300.0,1.0,22400.0,1.0,22500.0,1.0,22600.0,1.0,22700.0,1.0,22800.0,1.0,22900.0,1.0,23000.0,1.0
000629.SZ,2020-08-13,09:33:10,22100.0,0.1265306122448979,2796.326530612245,22000.0,1.0,21900.0,1.0,21800.0,1.0,21700.0,1,21600.0,1.0,21500.0,1.0,21400.0,1.0,21300.0,1.0,21200.0,1.0,21100.0,0.32,22100.0,1.0,22200.0,1.0,22300.0,1.0,22400.0,1.0,22500.0,1.0,22600.0,1.0,22700.0,1.0,22800.0,1.0,22900.0,1.0,23000.0,1.0
000629.SZ,2020-08-13,09:33:11,22100.0,0.0,0.0,22000.0,1.0,21900.0,1.0,21800.0,1.0,21700.0,1,21600.0,1.0,21500.0,1.0,21400.0,1.0,21300.0,1.0,21200.0,1.0,21100.0,0.32,22100.0,1.0,22200.0,1.0,22300.0,1.0,22400.0,1.0,22500.0,1.0,22600.0,1.0,22700.0,1.0,22800.0,1.0,22900.0,1.0,23000.0,1.0
000629.SZ,2020-08-13,09:33:12,22100.0,0.001360544217687,30.068027210884352,22000.0,1.0,21900.0,1.0,21800.0,1.0,21700.0,1,21600.0,1.0,21500.0,1.0,21400.0,1.0,21300.0,1.0,21200.0,1.0,21100.0,0.32,22100.0,1.0,22200.0,1.0,22300.0,1.0,22400.0,1.0,22500.0,1.0,22600.0,1.0,22700.0,1.0,22800.0,1.0,22900.0,1.0,23000.0,1.0
000629.SZ,2020-08-13,09:33:13,22100.0,0.4272108843537415,9441.360544217689,22000.0,1.0,21900.0,1.0,21800.0,1.0,21700.0,1,21600.0,1.0,21500.0,1.0,21400.0,1.0,21300.0,1.0,21200.0,1.0,21100.0,0.32,22100.0,1.0,22200.0,1.0,22300.0,1.0,22400.0,1.0,22500.0,1.0,22600.0,1.0,22700.0,1.0,22800.0,1.0,22900.0,1.0,23000.0,1.0
000629.SZ,2020-08-13,09:33:14,22100.0,0.3809523809523809,8419.047619047618,22000.0,1.0,21900.0,1.0,21800.0,1.0,21700.0,1,21600.0,1.0,21500.0,1.0,21400.0,1.0,21300.0,1.0,21200.0,1.0,21100.0,0.32,22100.0,1.0,22200.0,1.0,22300.0,1.0,22400.0,1.0,22500.0,1.0,22600.0,1.0,22700.0,1.0,22800.0,1.0,22900.0,1.0,23000.0,1.0
000629.SZ,2020-08-13,09:33:15,22100.0,0.5959183673469388,13169.795918367348,22000.0,1.0,21900.0,1.0,21800.0,1.0,21700.0,1,21600.0,1.0,21500.0,1.0,21400.0,1.0,21300.0,1.0,21200.0,1.0,21100.0,0.32,22100.0,1.0,22200.0,1.0,22300.0,1.0,22400.0,1.0,22500.0,1.0,22600.0,1.0,22700.0,1.0,22800.0,1.0,22900.0,1.0,23000.0,1.0
000629.SZ,2020-08-13,09:33:16,22100.0,0.5768707482993197,12748.843537414969,22000.0,1.0,21900.0,1.0,21800.0,1.0,21700.0,1,21600.0,1.0,21500.0,1.0,21400.0,1.0,21300.0,1.0,21200.0,1.0,21100.0,0.32,22100.0,1.0,22200.0,1.0,22300.0,1.0,22400.0,1.0,22500.0,1.0,22600.0,1.0,22700.0,1.0,22800.0,1.0,22900.0,1.0,23000.0,1.0
000629.SZ,2020-08-13,09:33:17,22100.0,0.0,0.0,22000.0,1.0,21900.0,1.0,21800.0,1.0,21700.0,1,21600.0,1.0,21500.0,1.0,21400.0,1.0,21300.0,1.0,21200.0,1.0,21100.0,0.32,22100.0,1.0,22200.0,1.0,22300.0,1.0,22400.0,1.0,22500.0,1.0,22600.0,1.0,22700.0,1.0,22800.0,1.0,22900.0,1.0,23000.0,1.0
000629.SZ,2020-08-13,09:33:18,22100.0,0.0,0.0,22000.0,1.0,21900.0,1.0,21800.0,1.0,21700.0,1,21600.0,1.0,21500.0,1.0,21400.0,1.0,21300.0,1.0,21200.0,1.0,21100.0,0.32,22100.0,1.0,22200.0,1.0,22300.0,1.0,22400.0,1.0,22500.0,1.0,22600.0,1.0,22700.0,1.0,22800.0,1.0,22900.0,1.0,23000.0,1.0
000629.SZ,2020-08-13,09:33:19,22100.0,0.1414965986394558,3127.074829931973,22000.0,1.0,21900.0,1.0,21800.0,1.0,21700.0,1,21600.0,1.0,21500.0,1.0,21400.0,1.0,21300.0,1.0,21200.0,1.0,21100.0,0.32,22100.0,1.0,22200.0,1.0,22300.0,1.0,22400.0,1.0,22500.0,1.0,22600.0,1.0,22700.0,1.0,22800.0,1.0,22900.0,1.0,23000.0,1.0
000629.SZ,2020-08-13,09:33:20,22100.0,0.0462585034013605,1019.3061224489796,22000.0,1.0,21900.0,1.0,21800.0,1.0,21700.0,1,21600.0,1.0,21500.0,1.0,21400.0,1.0,21300.0,1.0,21200.0,1.0,21100.0,0.32,22100.0,1.0,22200.0,1.0,22300.0,1.0,22400.0,1.0,22500.0,1.0,22600.0,1.0,22700.0,1.0,22800.0,1.0,22900.0,1.0,23000.0,1.0
000629.SZ,2020-08-13,09:33:21,22100.0,0.0,0.0,22000.0,1.0,21900.0,1.0,21800.0,1.0,21700.0,1,21600.0,1.0,21500.0,1.0,21400.0,1.0,21300.0,1.0,21200.0,1.0,21100.0,0.32,22100.0,1.0,22200.0,1.0,22300.0,1.0,22400.0,1.0,22500.0,1.0,22600.0,1.0,22700.0,1.0,22800.0,1.0,22900.0,1.0,23000.0,1.0
000629.SZ,2020-08-13,09:33:22,22100.0,0.0,0.0,22000.0,1.0,21900.0,1.0,21800.0,1.0,21700.0,1,21600.0,1.0,21500.0,1.0,21400.0,1.0,21300.0,1.0,21200.0,1.0,21100.0,0.32,22100.0,1.0,22200.0,1.0,22300.0,1.0,22400.0,1.0,22500.0,1.0,22600.0,1.0,22700.0,1.0,22800.0,1.0,22900.0,1.0,23000.0,1.0
000629.SZ,2020-08-13,09:33:23,22100.0,0.0,0.0,22000.0,1.0,21900.0,1.0,21800.0,1.0,21700.0,1,21600.0,1.0,21500.0,1.0,21400.0,1.0,21300.0,1.0,21200.0,1.0,21100.0,0.32,22100.0,1.0,22200.0,1.0,22300.0,1.0,22400.0,1.0,22500.0,1.0,22600.0,1.0,22700.0,1.0,22800.0,1.0,22900.0,1.0,23000.0,1.0
000629.SZ,2020-08-13,09:33:24,22100.0,0.6394557823129252,14104.47619047619,22000.0,1.0,21900.0,1.0,21800.0,1.0,21700.0,1,21600.0,1.0,21500.0,1.0,21400.0,1.0,21300.0,1.0,21200.0,1.0,21100.0,0.32,22100.0,1.0,22200.0,1.0,22300.0,1.0,22400.0,1.0,22500.0,1.0,22600.0,1.0,22700.0,1.0,22800.0,1.0,22900.0,1.0,23000.0,1.0
000629.SZ,2020-08-13,09:33:25,22000.0,0.0,0.0,22000.0,1.0,21900.0,1.0,21800.0,1.0,21700.0,1,21600.0,1.0,21500.0,1.0,21400.0,1.0,21300.0,1.0,21200.0,1.0,21100.0,0.32,22100.0,1.0,22200.0,1.0,22300.0,1.0,22400.0,1.0,22500.0,1.0,22600.0,1.0,22700.0,1.0,22800.0,1.0,22900.0,1.0,23000.0,1.0
000629.SZ,2020-08-13,09:33:26,22000.0,0.0,0.0,22000.0,1.0,21900.0,1.0,21800.0,1.0,21700.0,1,21600.0,1.0,21500.0,1.0,21400.0,1.0,21300.0,1.0,21200.0,1.0,21100.0,0.32,22100.0,1.0,22200.0,1.0,22300.0,1.0,22400.0,1.0,22500.0,1.0,22600.0,1.0,22700.0,1.0,22800.0,1.0,22900.0,1.0,23000.0,1.0
000629.SZ,2020-08-13,09:33:27,22000.0,0.0,0.0,22000.0,1.0,21900.0,1.0,21800.0,1.0,21700.0,1,21600.0,1.0,21500.0,1.0,21400.0,1.0,21300.0,1.0,21200.0,1.0,21100.0,0.32,22100.0,1.0,22200.0,1.0,22300.0,1.0,22400.0,1.0,22500.0,1.0,22600.0,1.0,22700.0,1.0,22800.0,1.0,22900.0,1.0,23000.0,1.0
000629.SZ,2020-08-13,09:33:28,22000.0,0.05578231292517,1227.2108843537414,22000.0,1.0,21900.0,1.0,21800.0,1.0,21700.0,1,21600.0,1.0,21500.0,1.0,21400.0,1.0,21300.0,1.0,21200.0,1.0,21100.0,0.32,22100.0,1.0,22200.0,1.0,22300.0,1.0,22400.0,1.0,22500.0,1.0,22600.0,1.0,22700.0,1.0,22800.0,1.0,22900.0,1.0,23000.0,1.0
000629.SZ,2020-08-13,09:33:29,22000.0,0.0,0.0,22000.0,1.0,21900.0,1.0,21800.0,1.0,21700.0,1,21600.0,1.0,21500.0,1.0,21400.0,1.0,21300.0,1.0,21200.0,1.0,21100.0,0.32,22100.0,1.0,22200.0,1.0,22300.0,1.0,22400.0,1.0,22500.0,1.0,22600.0,1.0,22700.0,1.0,22800.0,1.0,22900.0,1.0,23000.0,1.0
000629.SZ,2020-08-13,09:33:30,22000.0,0.0789115646258503,1743.9455782312923,22000.0,1.0,21900.0,1.0,21800.0,1.0,21700.0,1,21600.0,1.0,21500.0,1.0,21400.0,1.0,21300.0,1.0,21200.0,1.0,21100.0,0.32,22100.0,1.0,22200.0,1.0,22300.0,1.0,22400.0,1.0,22500.0,1.0,22600.0,1.0,22700.0,1.0,22800.0,1.0,22900.0,1.0,23000.0,1.0
000629.SZ,2020-08-13,09:33:31,22100.0,0.1197278911564625,2645.986394557823,22000.0,1.0,21900.0,1.0,21800.0,1.0,21700.0,1,21600.0,1.0,21500.0,1.0,21400.0,1.0,21300.0,1.0,21200.0,1.0,21100.0,0.32,22100.0,1.0,22200.0,1.0,22300.0,1.0,22400.0,1.0,22500.0,1.0,22600.0,1.0,22700.0,1.0,22800.0,1.0,22900.0,1.0,23000.0,1.0
000629.SZ,2020-08-13,09:33:32,22100.0,1.0,22100.0,22000.0,1.0,21900.0,1.0,21800.0,1.0,21700.0,1,21600.0,1.0,21500.0,1.0,21400.0,1.0,21300.0,1.0,21200.0,1.0,21100.0,0.32,22100.0,1.0,22200.0,1.0,22300.0,1.0,22400.0,1.0,22500.0,1.0,22600.0,1.0,22700.0,1.0,22800.0,1.0,22900.0,1.0,23000.0,1.0
000629.SZ,2020-08-13,09:33:33,22100.0,0.0,0.0,22000.0,1.0,21900.0,1.0,21800.0,1.0,21700.0,1,21600.0,1.0,21500.0,1.0,21400.0,1.0,21300.0,1.0,21200.0,1.0,21100.0,0.32,22100.0,1.0,22200.0,1.0,22300.0,1.0,22400.0,1.0,22500.0,1.0,22600.0,1.0,22700.0,1.0,22800.0,1.0,22900.0,1.0,23000.0,1.0
000629.SZ,2020-08-13,09:33:34,22100.0,1.0,22100.0,22100.0,0.15,22000.0,1.0,21900.0,1.0,21800.0,1,21700.0,1.0,21600.0,1.0,21500.0,1.0,21400.0,1.0,21300.0,1.0,21200.0,1.0,22200.0,1.0,22300.0,1.0,22400.0,1.0,22500.0,1.0,22600.0,1.0,22700.0,1.0,22800.0,1.0,22900.0,1.0,23000.0,1.0,23100.0,1.0
000629.SZ,2020-08-13,09:33:35,22100.0,0.0693877551020408,1533.469387755102,22100.0,0.08,22000.0,1.0,21900.0,1.0,21800.0,1,21700.0,1.0,21600.0,1.0,21500.0,1.0,21400.0,1.0,21300.0,1.0,21200.0,1.0,22200.0,1.0,22300.0,1.0,22400.0,1.0,22500.0,1.0,22600.0,1.0,22700.0,1.0,22800.0,1.0,22900.0,1.0,23000.0,1.0,23100.0,1.0
000629.SZ,2020-08-13,09:33:36,22100.0,0.0775510204081632,1713.8775510204082,22100.0,0.9,22000.0,1.0,21900.0,1.0,21800.0,1,21700.0,1.0,21600.0,1.0,21500.0,1.0,21400.0,1.0,21300.0,1.0,21200.0,1.0,22200.0,1.0,22300.0,1.0,22400.0,1.0,22500.0,1.0,22600.0,1.0,22700.0,1.0,22800.0,1.0,22900.0,1.0,23000.0,1.0,23100.0,1.0
000629.SZ,2020-08-13,09:33:37,22100.0,0.1428571428571428,3157.142857142857,22100.0,0.74,22000.0,1.0,21900.0,1.0,21800.0,1,21700.0,1.0,21600.0,1.0,21500.0,1.0,21400.0,1.0,21300.0,1.0,21200.0,1.0,22200.0,1.0,22300.0,1.0,22400.0,1.0,22500.0,1.0,22600.0,1.0,22700.0,1.0,22800.0,1.0,22900.0,1.0,23000.0,1.0,23100.0,1.0
000629.SZ,2020-08-13,09:33:38,22100.0,0.0122448979591836,270.6122448979592,22100.0,0.73,22000.0,1.0,21900.0,1.0,21800.0,1,21700.0,1.0,21600.0,1.0,21500.0,1.0,21400.0,1.0,21300.0,1.0,21200.0,1.0,22200.0,1.0,22300.0,1.0,22400.0,1.0,22500.0,1.0,22600.0,1.0,22700.0,1.0,22800.0,1.0,22900.0,1.0,23000.0,1.0,23100.0,1.0
000629.SZ,2020-08-13,09:33:39,22100.0,0.0,0.0,22100.0,0.73,22000.0,1.0,21900.0,1.0,21800.0,1,21700.0,1.0,21600.0,1.0,21500.0,1.0,21400.0,1.0,21300.0,1.0,21200.0,1.0,22200.0,1.0,22300.0,1.0,22400.0,1.0,22500.0,1.0,22600.0,1.0,22700.0,1.0,22800.0,1.0,22900.0,1.0,23000.0,1.0,23100.0,1.0
000629.SZ,2020-08-13,09:33:40,22100.0,0.0,0.0,22100.0,0.73,22000.0,1.0,21900.0,1.0,21800.0,1,21700.0,1.0,21600.0,1.0,21500.0,1.0,21400.0,1.0,21300.0,1.0,21200.0,1.0,22200.0,1.0,22300.0,1.0,22400.0,1.0,22500.0,1.0,22600.0,1.0,22700.0,1.0,22800.0,1.0,22900.0,1.0,23000.0,1.0,23100.0,1.0
000629.SZ,2020-08-13,09:33:41,22100.0,0.0,0.0,22100.0,0.94,22000.0,1.0,21900.0,1.0,21800.0,1,21700.0,1.0,21600.0,1.0,21500.0,1.0,21400.0,1.0,21300.0,1.0,21200.0,1.0,22200.0,1.0,22300.0,1.0,22400.0,1.0,22500.0,1.0,22600.0,1.0,22700.0,1.0,22800.0,1.0,22900.0,1.0,23000.0,1.0,23100.0,1.0
000629.SZ,2020-08-13,09:33:42,22100.0,0.0,0.0,22100.0,1.0,22000.0,1.0,21900.0,1.0,21800.0,1,21700.0,1.0,21600.0,1.0,21500.0,1.0,21400.0,1.0,21300.0,1.0,21200.0,1.0,22200.0,1.0,22300.0,1.0,22400.0,1.0,22500.0,1.0,22600.0,1.0,22700.0,1.0,22800.0,1.0,22900.0,1.0,23000.0,1.0,23100.0,1.0
000629.SZ,2020-08-13,09:33:43,22100.0,0.0,0.0,22100.0,1.0,22000.0,1.0,21900.0,1.0,21800.0,1,21700.0,1.0,21600.0,1.0,21500.0,1.0,21400.0,1.0,21300.0,1.0,21200.0,1.0,22200.0,1.0,22300.0,1.0,22400.0,1.0,22500.0,1.0,22600.0,1.0,22700.0,1.0,22800.0,1.0,22900.0,1.0,23000.0,1.0,23100.0,1.0
000629.SZ,2020-08-13,09:33:44,22100.0,0.0095238095238095,210.47619047619048,22100.0,1.0,22000.0,1.0,21900.0,1.0,21800.0,1,21700.0,1.0,21600.0,1.0,21500.0,1.0,21400.0,1.0,21300.0,1.0,21200.0,1.0,22200.0,1.0,22300.0,1.0,22400.0,1.0,22500.0,1.0,22600.0,1.0,22700.0,1.0,22800.0,1.0,22900.0,1.0,23000.0,1.0,23100.0,1.0
000629.SZ,2020-08-13,09:33:45,22100.0,0.0,0.0,22100.0,1.0,22000.0,1.0,21900.0,1.0,21800.0,1,21700.0,1.0,21600.0,1.0,21500.0,1.0,21400.0,1.0,21300.0,1.0,21200.0,1.0,22200.0,1.0,22300.0,1.0,22400.0,1.0,22500.0,1.0,22600.0,1.0,22700.0,1.0,22800.0,1.0,22900.0,1.0,23000.0,1.0,23100.0,1.0
000629.SZ,2020-08-13,09:33:46,22100.0,0.0,0.0,22100.0,1.0,22000.0,1.0,21900.0,1.0,21800.0,1,21700.0,1.0,21600.0,1.0,21500.0,1.0,21400.0,1.0,21300.0,1.0,21200.0,1.0,22200.0,1.0,22300.0,1.0,22400.0,1.0,22500.0,1.0,22600.0,1.0,22700.0,1.0,22800.0,1.0,22900.0,1.0,23000.0,1.0,23100.0,1.0
000629.SZ,2020-08-13,09:33:47,22100.0,0.0,0.0,22100.0,1.0,22000.0,1.0,21900.0,1.0,21800.0,1,21700.0,1.0,21600.0,1.0,21500.0,1.0,21400.0,1.0,21300.0,1.0,21200.0,1.0,22200.0,1.0,22300.0,1.0,22400.0,1.0,22500.0,1.0,22600.0,1.0,22700.0,1.0,22800.0,1.0,22900.0,1.0,23000.0,1.0,23100.0,1.0
000629.SZ,2020-08-13,09:33:48,22100.0,0.0,0.0,22100.0,1.0,22000.0,1.0,21900.0,1.0,21800.0,1,21700.0,1.0,21600.0,1.0,21500.0,1.0,21400.0,1.0,21300.0,1.0,21200.0,1.0,22200.0,1.0,22300.0,1.0,22400.0,1.0,22500.0,1.0,22600.0,1.0,22700.0,1.0,22800.0,1.0,22900.0,1.0,23000.0,1.0,23100.0,1.0
000629.SZ,2020-08-13,09:33:49,22100.0,1.0,22100.0,22000.0,1.0,21900.0,1.0,21800.0,1.0,21700.0,1,21600.0,1.0,21500.0,1.0,21400.0,1.0,21300.0,1.0,21200.0,1.0,21100.0,0.32,22100.0,0.31,22200.0,1.0,22300.0,1.0,22400.0,1.0,22500.0,1.0,22600.0,1.0,22700.0,1.0,22800.0,1.0,22900.0,1.0,23000.0,1.0
000629.SZ,2020-08-13,09:33:50,22100.0,0.0,0.0,22000.0,1.0,21900.0,1.0,21800.0,1.0,21700.0,1,21600.0,1.0,21500.0,1.0,21400.0,1.0,21300.0,1.0,21200.0,1.0,21100.0,0.32,22100.0,0.31,22200.0,1.0,22300.0,1.0,22400.0,1.0,22500.0,1.0,22600.0,1.0,22700.0,1.0,22800.0,1.0,22900.0,1.0,23000.0,1.0
000629.SZ,2020-08-13,09:33:51,22100.0,0.2680272108843537,5903.29931972789,22000.0,1.0,21900.0,1.0,21800.0,1.0,21700.0,1,21600.0,1.0,21500.0,1.0,21400.0,1.0,21300.0,1.0,21200.0,1.0,21100.0,0.32,22100.0,0.23,22200.0,1.0,22300.0,1.0,22400.0,1.0,22500.0,1.0,22600.0,1.0,22700.0,1.0,22800.0,1.0,22900.0,1.0,23000.0,1.0
000629.SZ,2020-08-13,09:33:52,22100.0,0.145578231292517,3217.278911564626,22000.0,1.0,21900.0,1.0,21800.0,1.0,21700.0,1,21600.0,1.0,21500.0,1.0,21400.0,1.0,21300.0,1.0,21200.0,1.0,21100.0,0.32,22100.0,0.07,22200.0,1.0,22300.0,1.0,22400.0,1.0,22500.0,1.0,22600.0,1.0,22700.0,1.0,22800.0,1.0,22900.0,1.0,23000.0,1.0
000629.SZ,2020-08-13,09:33:53,22100.0,0.0,0.0,22000.0,1.0,21900.0,1.0,21800.0,1.0,21700.0,1,21600.0,1.0,21500.0,1.0,21400.0,1.0,21300.0,1.0,21200.0,1.0,21100.0,0.32,22100.0,0.07,22200.0,1.0,22300.0,1.0,22400.0,1.0,22500.0,1.0,22600.0,1.0,22700.0,1.0,22800.0,1.0,22900.0,1.0,23000.0,1.0
000629.SZ,2020-08-13,09:33:54,22100.0,0.0,0.0,22000.0,1.0,21900.0,1.0,21800.0,1.0,21700.0,1,21600.0,1.0,21500.0,1.0,21400.0,1.0,21300.0,1.0,21200.0,1.0,21100.0,0.32,22100.0,0.22,22200.0,1.0,22300.0,1.0,22400.0,1.0,22500.0,1.0,22600.0,1.0,22700.0,1.0,22800.0,1.0,22900.0,1.0,23000.0,1.0
000629.SZ,2020-08-13,09:33:55,22100.0,0.1020408163265306,2255.1020408163267,22000.0,1.0,21900.0,1.0,21800.0,1.0,21700.0,1,21600.0,1.0,21500.0,1.0,21400.0,1.0,21300.0,1.0,21200.0,1.0,21100.0,0.32,22100.0,0.11,22200.0,1.0,22300.0,1.0,22400.0,1.0,22500.0,1.0,22600.0,1.0,22700.0,1.0,22800.0,1.0,22900.0,1.0,23000.0,1.0
000629.SZ,2020-08-13,09:33:56,22100.0,0.0,0.0,22000.0,1.0,21900.0,1.0,21800.0,1.0,21700.0,1,21600.0,1.0,21500.0,1.0,21400.0,1.0,21300.0,1.0,21200.0,1.0,21100.0,0.32,22100.0,0.11,22200.0,1.0,22300.0,1.0,22400.0,1.0,22500.0,1.0,22600.0,1.0,22700.0,1.0,22800.0,1.0,22900.0,1.0,23000.0,1.0
000629.SZ,2020-08-13,09:33:57,22100.0,0.0503401360544217,1112.517006802721,22000.0,1.0,21900.0,1.0,21800.0,1.0,21700.0,1,21600.0,1.0,21500.0,1.0,21400.0,1.0,21300.0,1.0,21200.0,1.0,21100.0,0.32,22100.0,0.06,22200.0,1.0,22300.0,1.0,22400.0,1.0,22500.0,1.0,22600.0,1.0,22700.0,1.0,22800.0,1.0,22900.0,1.0,23000.0,1.0
000629.SZ,2020-08-13,09:33:58,22100.0,0.0258503401360544,571.2925170068027,22000.0,1.0,21900.0,1.0,21800.0,1.0,21700.0,1,21600.0,1.0,21500.0,1.0,21400.0,1.0,21300.0,1.0,21200.0,1.0,21100.0,0.32,22100.0,0.03,22200.0,1.0,22300.0,1.0,22400.0,1.0,22500.0,1.0,22600.0,1.0,22700.0,1.0,22800.0,1.0,22900.0,1.0,23000.0,1.0
000629.SZ,2020-08-13,09:33:59,22100.0,0.0258503401360544,571.2925170068027,22100.0,0.0,22000.0,1.0,21900.0,1.0,21800.0,1,21700.0,1.0,21600.0,1.0,21500.0,1.0,21400.0,1.0,21300.0,1.0,21200.0,1.0,22200.0,1.0,22300.0,1.0,22400.0,1.0,22500.0,1.0,22600.0,1.0,22700.0,1.0,22800.0,1.0,22900.0,1.0,23000.0,1.0,23100.0,1.0
000629.SZ,2020-08-13,09:34:00,22100.0,0.0,0.0,22100.0,0.0,22000.0,1.0,21900.0,1.0,21800.0,1,21700.0,1.0,21600.0,1.0,21500.0,1.0,21400.0,1.0,21300.0,1.0,21200.0,1.0,22200.0,1.0,22300.0,1.0,22400.0,1.0,22500.0,1.0,22600.0,1.0,22700.0,1.0,22800.0,1.0,22900.0,1.0,23000.0,1.0,23100.0,1.0
000629.SZ,2020-08-13,09:34:01,22100.0,0.0,0.0,22100.0,0.45,22000.0,1.0,21900.0,1.0,21800.0,1,21700.0,1.0,21600.0,1.0,21500.0,1.0,21400.0,1.0,21300.0,1.0,21200.0,1.0,22200.0,1.0,22300.0,1.0,22400.0,1.0,22500.0,1.0,22600.0,1.0,22700.0,1.0,22800.0,1.0,22900.0,1.0,23000.0,1.0,23100.0,1.0
000629.SZ,2020-08-13,09:34:02,22100.0,0.0,0.0,22100.0,0.5,22000.0,1.0,21900.0,1.0,21800.0,1,21700.0,1.0,21600.0,1.0,21500.0,1.0,21400.0,1.0,21300.0,1.0,21200.0,1.0,22200.0,1.0,22300.0,1.0,22400.0,1.0,22500.0,1.0,22600.0,1.0,22700.0,1.0,22800.0,1.0,22900.0,1.0,23000.0,1.0,23100.0,1.0
000629.SZ,2020-08-13,09:34:03,22100.0,0.0,0.0,22100.0,0.5,22000.0,1.0,21900.0,1.0,21800.0,1,21700.0,1.0,21600.0,1.0,21500.0,1.0,21400.0,1.0,21300.0,1.0,21200.0,1.0,22200.0,1.0,22300.0,1.0,22400.0,1.0,22500.0,1.0,22600.0,1.0,22700.0,1.0,22800.0,1.0,22900.0,1.0,23000.0,1.0,23100.0,1.0
000629.SZ,2020-08-13,09:34:04,22100.0,0.2421768707482993,5352.108843537415,22100.0,0.94,22000.0,1.0,21900.0,1.0,21800.0,1,21700.0,1.0,21600.0,1.0,21500.0,1.0,21400.0,1.0,21300.0,1.0,21200.0,1.0,22200.0,1.0,22300.0,1.0,22400.0,1.0,22500.0,1.0,22600.0,1.0,22700.0,1.0,22800.0,1.0,22900.0,1.0,23000.0,1.0,23100.0,1.0
000629.SZ,2020-08-13,09:34:05,22100.0,0.0,0.0,22100.0,0.95,22000.0,1.0,21900.0,1.0,21800.0,1,21700.0,1.0,21600.0,1.0,21500.0,1.0,21400.0,1.0,21300.0,1.0,21200.0,1.0,22200.0,1.0,22300.0,1.0,22400.0,1.0,22500.0,1.0,22600.0,1.0,22700.0,1.0,22800.0,1.0,22900.0,1.0,23000.0,1.0,23100.0,1.0
000629.SZ,2020-08-13,09:34:06,22100.0,0.0,0.0,22100.0,0.95,22000.0,1.0,21900.0,1.0,21800.0,1,21700.0,1.0,21600.0,1.0,21500.0,1.0,21400.0,1.0,21300.0,1.0,21200.0,1.0,22200.0,1.0,22300.0,1.0,22400.0,1.0,22500.0,1.0,22600.0,1.0,22700.0,1.0,22800.0,1.0,22900.0,1.0,23000.0,1.0,23100.0,1.0
000629.SZ,2020-08-13,09:34:07,22100.0,0.0,0.0,22100.0,0.95,22000.0,1.0,21900.0,1.0,21800.0,1,21700.0,1.0,21600.0,1.0,21500.0,1.0,21400.0,1.0,21300.0,1.0,21200.0,1.0,22200.0,1.0,22300.0,1.0,22400.0,1.0,22500.0,1.0,22600.0,1.0,22700.0,1.0,22800.0,1.0,22900.0,1.0,23000.0,1.0,23100.0,1.0
000629.SZ,2020-08-13,09:34:08,22100.0,0.0,0.0,22100.0,0.95,22000.0,1.0,21900.0,1.0,21800.0,1,21700.0,1.0,21600.0,1.0,21500.0,1.0,21400.0,1.0,21300.0,1.0,21200.0,1.0,22200.0,1.0,22300.0,1.0,22400.0,1.0,22500.0,1.0,22600.0,1.0,22700.0,1.0,22800.0,1.0,22900.0,1.0,23000.0,1.0,23100.0,1.0
000629.SZ,2020-08-13,09:34:09,22100.0,0.0,0.0,22100.0,0.95,22000.0,1.0,21900.0,1.0,21800.0,1,21700.0,1.0,21600.0,1.0,21500.0,1.0,21400.0,1.0,21300.0,1.0,21200.0,1.0,22200.0,1.0,22300.0,1.0,22400.0,1.0,22500.0,1.0,22600.0,1.0,22700.0,1.0,22800.0,1.0,22900.0,1.0,23000.0,1.0,23100.0,1.0
000629.SZ,2020-08-13,09:34:10,22100.0,0.0,0.0,22100.0,1.0,22000.0,1.0,21900.0,1.0,21800.0,1,21700.0,1.0,21600.0,1.0,21500.0,1.0,21400.0,1.0,21300.0,1.0,21200.0,1.0,22200.0,1.0,22300.0,1.0,22400.0,1.0,22500.0,1.0,22600.0,1.0,22700.0,1.0,22800.0,1.0,22900.0,1.0,23000.0,1.0,23100.0,1.0
000629.SZ,2020-08-13,09:34:11,22100.0,0.0380952380952381,841.9047619047619,22100.0,1.0,22000.0,1.0,21900.0,1.0,21800.0,1,21700.0,1.0,21600.0,1.0,21500.0,1.0,21400.0,1.0,21300.0,1.0,21200.0,1.0,22200.0,1.0,22300.0,1.0,22400.0,1.0,22500.0,1.0,22600.0,1.0,22700.0,1.0,22800.0,1.0,22900.0,1.0,23000.0,1.0,23100.0,1.0
000629.SZ,2020-08-13,09:34:12,22100.0,0.0,0.0,22100.0,1.0,22000.0,1.0,21900.0,1.0,21800.0,1,21700.0,1.0,21600.0,1.0,21500.0,1.0,21400.0,1.0,21300.0,1.0,21200.0,1.0,22200.0,1.0,22300.0,1.0,22400.0,1.0,22500.0,1.0,22600.0,1.0,22700.0,1.0,22800.0,1.0,22900.0,1.0,23000.0,1.0,23100.0,1.0
000629.SZ,2020-08-13,09:34:13,22100.0,0.0,0.0,22100.0,1.0,22000.0,1.0,21900.0,1.0,21800.0,1,21700.0,1.0,21600.0,1.0,21500.0,1.0,21400.0,1.0,21300.0,1.0,21200.0,1.0,22200.0,1.0,22300.0,1.0,22400.0,1.0,22500.0,1.0,22600.0,1.0,22700.0,1.0,22800.0,1.0,22900.0,1.0,23000.0,1.0,23100.0,1.0
000629.SZ,2020-08-13,09:34:14,22100.0,0.0,0.0,22100.0,1.0,22000.0,1.0,21900.0,1.0,21800.0,1,21700.0,1.0,21600.0,1.0,21500.0,1.0,21400.0,1.0,21300.0,1.0,21200.0,1.0,22200.0,1.0,22300.0,1.0,22400.0,1.0,22500.0,1.0,22600.0,1.0,22700.0,1.0,22800.0,1.0,22900.0,1.0,23000.0,1.0,23100.0,1.0
000629.SZ,2020-08-13,09:34:15,22100.0,0.2761904761904762,6103.809523809524,22100.0,0.87,22000.0,1.0,21900.0,1.0,21800.0,1,21700.0,1.0,21600.0,1.0,21500.0,1.0,21400.0,1.0,21300.0,1.0,21200.0,1.0,22200.0,1.0,22300.0,1.0,22400.0,1.0,22500.0,1.0,22600.0,1.0,22700.0,1.0,22800.0,1.0,22900.0,1.0,23000.0,1.0,23100.0,1.0
000629.SZ,2020-08-13,09:34:16,22100.0,0.0,0.0,22100.0,1.0,22000.0,1.0,21900.0,1.0,21800.0,1,21700.0,1.0,21600.0,1.0,21500.0,1.0,21400.0,1.0,21300.0,1.0,21200.0,1.0,22200.0,1.0,22300.0,1.0,22400.0,1.0,22500.0,1.0,22600.0,1.0,22700.0,1.0,22800.0,1.0,22900.0,1.0,23000.0,1.0,23100.0,1.0
000629.SZ,2020-08-13,09:34:17,22100.0,0.0,0.0,22100.0,1.0,22000.0,1.0,21900.0,1.0,21800.0,1,21700.0,1.0,21600.0,1.0,21500.0,1.0,21400.0,1.0,21300.0,1.0,21200.0,1.0,22200.0,1.0,22300.0,1.0,22400.0,1.0,22500.0,1.0,22600.0,1.0,22700.0,1.0,22800.0,1.0,22900.0,1.0,23000.0,1.0,23100.0,1.0
000629.SZ,2020-08-13,09:34:18,22100.0,0.0,0.0,22100.0,1.0,22000.0,1.0,21900.0,1.0,21800.0,1,21700.0,1.0,21600.0,1.0,21500.0,1.0,21400.0,1.0,21300.0,1.0,21200.0,1.0,22200.0,1.0,22300.0,1.0,22400.0,1.0,22500.0,1.0,22600.0,1.0,22700.0,1.0,22800.0,1.0,22900.0,1.0,23000.0,1.0,23100.0,1.0
000629.SZ,2020-08-13,09:34:19,22100.0,0.0,0.0,22100.0,1.0,22000.0,1.0,21900.0,1.0,21800.0,1,21700.0,1.0,21600.0,1.0,21500.0,1.0,21400.0,1.0,21300.0,1.0,21200.0,1.0,22200.0,1.0,22300.0,1.0,22400.0,1.0,22500.0,1.0,22600.0,1.0,22700.0,1.0,22800.0,1.0,22900.0,1.0,23000.0,1.0,23100.0,1.0
000629.SZ,2020-08-13,09:34:20,22100.0,0.0,0.0,22100.0,1.0,22000.0,1.0,21900.0,1.0,21800.0,1,21700.0,1.0,21600.0,1.0,21500.0,1.0,21400.0,1.0,21300.0,1.0,21200.0,1.0,22200.0,1.0,22300.0,1.0,22400.0,1.0,22500.0,1.0,22600.0,1.0,22700.0,1.0,22800.0,1.0,22900.0,1.0,23000.0,1.0,23100.0,1.0
000629.SZ,2020-08-13,09:34:21,22100.0,0.0,0.0,22100.0,1.0,22000.0,1.0,21900.0,1.0,21800.0,1,21700.0,1.0,21600.0,1.0,21500.0,1.0,21400.0,1.0,21300.0,1.0,21200.0,1.0,22200.0,1.0,22300.0,1.0,22400.0,1.0,22500.0,1.0,22600.0,1.0,22700.0,1.0,22800.0,1.0,22900.0,1.0,23000.0,1.0,23100.0,1.0
000629.SZ,2020-08-13,09:34:22,22100.0,0.0,0.0,22100.0,1.0,22000.0,1.0,21900.0,1.0,21800.0,1,21700.0,1.0,21600.0,1.0,21500.0,1.0,21400.0,1.0,21300.0,1.0,21200.0,1.0,22200.0,1.0,22300.0,1.0,22400.0,1.0,22500.0,1.0,22600.0,1.0,22700.0,1.0,22800.0,1.0,22900.0,1.0,23000.0,1.0,23100.0,1.0
000629.SZ,2020-08-13,09:34:23,22100.0,0.0,0.0,22100.0,1.0,22000.0,1.0,21900.0,1.0,21800.0,1,21700.0,1.0,21600.0,1.0,21500.0,1.0,21400.0,1.0,21300.0,1.0,21200.0,1.0,22200.0,1.0,22300.0,1.0,22400.0,1.0,22500.0,1.0,22600.0,1.0,22700.0,1.0,22800.0,1.0,22900.0,1.0,23000.0,1.0,23100.0,1.0
000629.SZ,2020-08-13,09:34:24,22100.0,0.0,0.0,22100.0,1.0,22000.0,1.0,21900.0,1.0,21800.0,1,21700.0,1.0,21600.0,1.0,21500.0,1.0,21400.0,1.0,21300.0,1.0,21200.0,1.0,22200.0,1.0,22300.0,1.0,22400.0,1.0,22500.0,1.0,22600.0,1.0,22700.0,1.0,22800.0,1.0,22900.0,1.0,23000.0,1.0,23100.0,1.0
000629.SZ,2020-08-13,09:34:25,22100.0,0.0136054421768707,300.68027210884355,22100.0,1.0,22000.0,1.0,21900.0,1.0,21800.0,1,21700.0,1.0,21600.0,1.0,21500.0,1.0,21400.0,1.0,21300.0,1.0,21200.0,1.0,22200.0,1.0,22300.0,1.0,22400.0,1.0,22500.0,1.0,22600.0,1.0,22700.0,1.0,22800.0,1.0,22900.0,1.0,23000.0,1.0,23100.0,1.0
000629.SZ,2020-08-13,09:34:26,22100.0,0.0136054421768707,302.0408163265306,22100.0,1.0,22000.0,1.0,21900.0,1.0,21800.0,1,21700.0,1.0,21600.0,1.0,21500.0,1.0,21400.0,1.0,21300.0,1.0,21200.0,1.0,22200.0,1.0,22300.0,1.0,22400.0,1.0,22500.0,1.0,22600.0,1.0,22700.0,1.0,22800.0,1.0,22900.0,1.0,23000.0,1.0,23100.0,1.0
000629.SZ,2020-08-13,09:34:27,22200.0,0.0,0.0,22100.0,1.0,22000.0,1.0,21900.0,1.0,21800.0,1,21700.0,1.0,21600.0,1.0,21500.0,1.0,21400.0,1.0,21300.0,1.0,21200.0,1.0,22200.0,1.0,22300.0,1.0,22400.0,1.0,22500.0,1.0,22600.0,1.0,22700.0,1.0,22800.0,1.0,22900.0,1.0,23000.0,1.0,23100.0,1.0
000629.SZ,2020-08-13,09:34:28,22200.0,0.0,0.0,22100.0,1.0,22000.0,1.0,21900.0,1.0,21800.0,1,21700.0,1.0,21600.0,1.0,21500.0,1.0,21400.0,1.0,21300.0,1.0,21200.0,1.0,22200.0,1.0,22300.0,1.0,22400.0,1.0,22500.0,1.0,22600.0,1.0,22700.0,1.0,22800.0,1.0,22900.0,1.0,23000.0,1.0,23100.0,1.0
000629.SZ,2020-08-13,09:34:29,22200.0,0.0,0.0,22100.0,1.0,22000.0,1.0,21900.0,1.0,21800.0,1,21700.0,1.0,21600.0,1.0,21500.0,1.0,21400.0,1.0,21300.0,1.0,21200.0,1.0,22200.0,1.0,22300.0,1.0,22400.0,1.0,22500.0,1.0,22600.0,1.0,22700.0,1.0,22800.0,1.0,22900.0,1.0,23000.0,1.0,23100.0,1.0
000629.SZ,2020-08-13,09:34:30,22200.0,0.0,0.0,22100.0,1.0,22000.0,1.0,21900.0,1.0,21800.0,1,21700.0,1.0,21600.0,1.0,21500.0,1.0,21400.0,1.0,21300.0,1.0,21200.0,1.0,22200.0,1.0,22300.0,1.0,22400.0,1.0,22500.0,1.0,22600.0,1.0,22700.0,1.0,22800.0,1.0,22900.0,1.0,23000.0,1.0,23100.0,1.0
000629.SZ,2020-08-13,09:34:31,22200.0,0.0,0.0,22100.0,1.0,22000.0,1.0,21900.0,1.0,21800.0,1,21700.0,1.0,21600.0,1.0,21500.0,1.0,21400.0,1.0,21300.0,1.0,21200.0,1.0,22200.0,1.0,22300.0,1.0,22400.0,1.0,22500.0,1.0,22600.0,1.0,22700.0,1.0,22800.0,1.0,22900.0,1.0,23000.0,1.0,23100.0,1.0
000629.SZ,2020-08-13,09:34:32,22200.0,0.0095238095238095,210.47619047619048,22100.0,1.0,22000.0,1.0,21900.0,1.0,21800.0,1,21700.0,1.0,21600.0,1.0,21500.0,1.0,21400.0,1.0,21300.0,1.0,21200.0,1.0,22200.0,1.0,22300.0,1.0,22400.0,1.0,22500.0,1.0,22600.0,1.0,22700.0,1.0,22800.0,1.0,22900.0,1.0,23000.0,1.0,23100.0,1.0
000629.SZ,2020-08-13,09:34:33,22100.0,0.0,0.0,22100.0,1.0,22000.0,1.0,21900.0,1.0,21800.0,1,21700.0,1.0,21600.0,1.0,21500.0,1.0,21400.0,1.0,21300.0,1.0,21200.0,1.0,22200.0,1.0,22300.0,1.0,22400.0,1.0,22500.0,1.0,22600.0,1.0,22700.0,1.0,22800.0,1.0,22900.0,1.0,23000.0,1.0,23100.0,1.0
000629.SZ,2020-08-13,09:34:34,22100.0,0.0,0.0,22100.0,1.0,22000.0,1.0,21900.0,1.0,21800.0,1,21700.0,1.0,21600.0,1.0,21500.0,1.0,21400.0,1.0,21300.0,1.0,21200.0,1.0,22200.0,1.0,22300.0,1.0,22400.0,1.0,22500.0,1.0,22600.0,1.0,22700.0,1.0,22800.0,1.0,22900.0,1.0,23000.0,1.0,23100.0,1.0
000629.SZ,2020-08-13,09:34:35,22100.0,0.0,0.0,22100.0,1.0,22000.0,1.0,21900.0,1.0,21800.0,1,21700.0,1.0,21600.0,1.0,21500.0,1.0,21400.0,1.0,21300.0,1.0,21200.0,1.0,22200.0,1.0,22300.0,1.0,22400.0,1.0,22500.0,1.0,22600.0,1.0,22700.0,1.0,22800.0,1.0,22900.0,1.0,23000.0,1.0,23100.0,1.0
000629.SZ,2020-08-13,09:34:36,22100.0,0.0027210884353741,60.40816326530612,22100.0,1.0,22000.0,1.0,21900.0,1.0,21800.0,1,21700.0,1.0,21600.0,1.0,21500.0,1.0,21400.0,1.0,21300.0,1.0,21200.0,1.0,22200.0,1.0,22300.0,1.0,22400.0,1.0,22500.0,1.0,22600.0,1.0,22700.0,1.0,22800.0,1.0,22900.0,1.0,23000.0,1.0,23100.0,1.0
000629.SZ,2020-08-13,09:34:37,22200.0,0.0,0.0,22100.0,1.0,22000.0,1.0,21900.0,1.0,21800.0,1,21700.0,1.0,21600.0,1.0,21500.0,1.0,21400.0,1.0,21300.0,1.0,21200.0,1.0,22200.0,1.0,22300.0,1.0,22400.0,1.0,22500.0,1.0,22600.0,1.0,22700.0,1.0,22800.0,1.0,22900.0,1.0,23000.0,1.0,23100.0,1.0
000629.SZ,2020-08-13,09:34:38,22200.0,0.0108843537414965,240.5442176870748,22100.0,1.0,22000.0,1.0,21900.0,1.0,21800.0,1,21700.0,1.0,21600.0,1.0,21500.0,1.0,21400.0,1.0,21300.0,1.0,21200.0,1.0,22200.0,1.0,22300.0,1.0,22400.0,1.0,22500.0,1.0,22600.0,1.0,22700.0,1.0,22800.0,1.0,22900.0,1.0,23000.0,1.0,23100.0,1.0
000629.SZ,2020-08-13,09:34:39,22100.0,0.0,0.0,22100.0,1.0,22000.0,1.0,21900.0,1.0,21800.0,1,21700.0,1.0,21600.0,1.0,21500.0,1.0,21400.0,1.0,21300.0,1.0,21200.0,1.0,22200.0,1.0,22300.0,1.0,22400.0,1.0,22500.0,1.0,22600.0,1.0,22700.0,1.0,22800.0,1.0,22900.0,1.0,23000.0,1.0,23100.0,1.0
000629.SZ,2020-08-13,09:34:40,22100.0,0.0,0.0,22100.0,1.0,22000.0,1.0,21900.0,1.0,21800.0,1,21700.0,1.0,21600.0,1.0,21500.0,1.0,21400.0,1.0,21300.0,1.0,21200.0,1.0,22200.0,1.0,22300.0,1.0,22400.0,1.0,22500.0,1.0,22600.0,1.0,22700.0,1.0,22800.0,1.0,22900.0,1.0,23000.0,1.0,23100.0,1.0
000629.SZ,2020-08-13,09:34:41,22100.0,0.092517006802721,2044.625850340136,22100.0,1.0,22000.0,1.0,21900.0,1.0,21800.0,1,21700.0,1.0,21600.0,1.0,21500.0,1.0,21400.0,1.0,21300.0,1.0,21200.0,1.0,22200.0,1.0,22300.0,1.0,22400.0,1.0,22500.0,1.0,22600.0,1.0,22700.0,1.0,22800.0,1.0,22900.0,1.0,23000.0,1.0,23100.0,1.0
000629.SZ,2020-08-13,09:34:42,22100.0,0.092517006802721,2044.625850340136,22100.0,1.0,22000.0,1.0,21900.0,1.0,21800.0,1,21700.0,1.0,21600.0,1.0,21500.0,1.0,21400.0,1.0,21300.0,1.0,21200.0,1.0,22200.0,1.0,22300.0,1.0,22400.0,1.0,22500.0,1.0,22600.0,1.0,22700.0,1.0,22800.0,1.0,22900.0,1.0,23000.0,1.0,23100.0,1.0
000629.SZ,2020-08-13,09:34:43,22100.0,0.092517006802721,2044.625850340136,22100.0,1.0,22000.0,1.0,21900.0,1.0,21800.0,1,21700.0,1.0,21600.0,1.0,21500.0,1.0,21400.0,1.0,21300.0,1.0,21200.0,1.0,22200.0,1.0,22300.0,1.0,22400.0,1.0,22500.0,1.0,22600.0,1.0,22700.0,1.0,22800.0,1.0,22900.0,1.0,23000.0,1.0,23100.0,1.0
000629.SZ,2020-08-13,09:34:44,22100.0,0.0,0.0,22100.0,1.0,22000.0,1.0,21900.0,1.0,21800.0,1,21700.0,1.0,21600.0,1.0,21500.0,1.0,21400.0,1.0,21300.0,1.0,21200.0,1.0,22200.0,1.0,22300.0,1.0,22400.0,1.0,22500.0,1.0,22600.0,1.0,22700.0,1.0,22800.0,1.0,22900.0,1.0,23000.0,1.0,23100.0,1.0
000629.SZ,2020-08-13,09:34:45,22100.0,0.0,0.0,22100.0,1.0,22000.0,1.0,21900.0,1.0,21800.0,1,21700.0,1.0,21600.0,1.0,21500.0,1.0,21400.0,1.0,21300.0,1.0,21200.0,1.0,22200.0,1.0,22300.0,1.0,22400.0,1.0,22500.0,1.0,22600.0,1.0,22700.0,1.0,22800.0,1.0,22900.0,1.0,23000.0,1.0,23100.0,1.0
000629.SZ,2020-08-13,09:34:46,22100.0,0.0,0.0,22100.0,1.0,22000.0,1.0,21900.0,1.0,21800.0,1,21700.0,1.0,21600.0,1.0,21500.0,1.0,21400.0,1.0,21300.0,1.0,21200.0,1.0,22200.0,1.0,22300.0,1.0,22400.0,1.0,22500.0,1.0,22600.0,1.0,22700.0,1.0,22800.0,1.0,22900.0,1.0,23000.0,1.0,23100.0,1.0
000629.SZ,2020-08-13,09:34:47,22100.0,0.0,0.0,22100.0,1.0,22000.0,1.0,21900.0,1.0,21800.0,1,21700.0,1.0,21600.0,1.0,21500.0,1.0,21400.0,1.0,21300.0,1.0,21200.0,1.0,22200.0,1.0,22300.0,1.0,22400.0,1.0,22500.0,1.0,22600.0,1.0,22700.0,1.0,22800.0,1.0,22900.0,1.0,23000.0,1.0,23100.0,1.0
000629.SZ,2020-08-13,09:34:48,22100.0,0.0272108843537414,601.3605442176871,22100.0,1.0,22000.0,1.0,21900.0,1.0,21800.0,1,21700.0,1.0,21600.0,1.0,21500.0,1.0,21400.0,1.0,21300.0,1.0,21200.0,1.0,22200.0,1.0,22300.0,1.0,22400.0,1.0,22500.0,1.0,22600.0,1.0,22700.0,1.0,22800.0,1.0,22900.0,1.0,23000.0,1.0,23100.0,1.0
000629.SZ,2020-08-13,09:34:49,22100.0,0.0027210884353741,60.13605442176871,22100.0,1.0,22000.0,1.0,21900.0,1.0,21800.0,1,21700.0,1.0,21600.0,1.0,21500.0,1.0,21400.0,1.0,21300.0,1.0,21200.0,1.0,22200.0,1.0,22300.0,1.0,22400.0,1.0,22500.0,1.0,22600.0,1.0,22700.0,1.0,22800.0,1.0,22900.0,1.0,23000.0,1.0,23100.0,1.0
000629.SZ,2020-08-13,09:34:50,22100.0,0.1115646258503401,2476.734693877551,22100.0,1.0,22000.0,1.0,21900.0,1.0,21800.0,1,21700.0,1.0,21600.0,1.0,21500.0,1.0,21400.0,1.0,21300.0,1.0,21200.0,1.0,22200.0,1.0,22300.0,1.0,22400.0,1.0,22500.0,1.0,22600.0,1.0,22700.0,1.0,22800.0,1.0,22900.0,1.0,23000.0,1.0,23100.0,1.0
000629.SZ,2020-08-13,09:34:51,22200.0,0.0,0.0,22100.0,1.0,22000.0,1.0,21900.0,1.0,21800.0,1,21700.0,1.0,21600.0,1.0,21500.0,1.0,21400.0,1.0,21300.0,1.0,21200.0,1.0,22200.0,1.0,22300.0,1.0,22400.0,1.0,22500.0,1.0,22600.0,1.0,22700.0,1.0,22800.0,1.0,22900.0,1.0,23000.0,1.0,23100.0,1.0
000629.SZ,2020-08-13,09:34:52,22200.0,0.0,0.0,22100.0,1.0,22000.0,1.0,21900.0,1.0,21800.0,1,21700.0,1.0,21600.0,1.0,21500.0,1.0,21400.0,1.0,21300.0,1.0,21200.0,1.0,22200.0,1.0,22300.0,1.0,22400.0,1.0,22500.0,1.0,22600.0,1.0,22700.0,1.0,22800.0,1.0,22900.0,1.0,23000.0,1.0,23100.0,1.0
000629.SZ,2020-08-13,09:34:53,22200.0,0.0,0.0,22100.0,1.0,22000.0,1.0,21900.0,1.0,21800.0,1,21700.0,1.0,21600.0,1.0,21500.0,1.0,21400.0,1.0,21300.0,1.0,21200.0,1.0,22200.0,1.0,22300.0,1.0,22400.0,1.0,22500.0,1.0,22600.0,1.0,22700.0,1.0,22800.0,1.0,22900.0,1.0,23000.0,1.0,23100.0,1.0
000629.SZ,2020-08-13,09:34:54,22200.0,0.0,0.0,22100.0,1.0,22000.0,1.0,21900.0,1.0,21800.0,1,21700.0,1.0,21600.0,1.0,21500.0,1.0,21400.0,1.0,21300.0,1.0,21200.0,1.0,22200.0,1.0,22300.0,1.0,22400.0,1.0,22500.0,1.0,22600.0,1.0,22700.0,1.0,22800.0,1.0,22900.0,1.0,23000.0,1.0,23100.0,1.0
000629.SZ,2020-08-13,09:34:55,22200.0,0.0816326530612244,1812.244897959184,22100.0,1.0,22000.0,1.0,21900.0,1.0,21800.0,1,21700.0,1.0,21600.0,1.0,21500.0,1.0,21400.0,1.0,21300.0,1.0,21200.0,1.0,22200.0,1.0,22300.0,1.0,22400.0,1.0,22500.0,1.0,22600.0,1.0,22700.0,1.0,22800.0,1.0,22900.0,1.0,23000.0,1.0,23100.0,1.0
000629.SZ,2020-08-13,09:34:56,22200.0,0.4884353741496599,10794.421768707483,22100.0,1.0,22000.0,1.0,21900.0,1.0,21800.0,1,21700.0,1.0,21600.0,1.0,21500.0,1.0,21400.0,1.0,21300.0,1.0,21200.0,1.0,22200.0,1.0,22300.0,1.0,22400.0,1.0,22500.0,1.0,22600.0,1.0,22700.0,1.0,22800.0,1.0,22900.0,1.0,23000.0,1.0,23100.0,1.0
000629.SZ,2020-08-13,09:34:57,22100.0,0.0,0.0,22100.0,1.0,22000.0,1.0,21900.0,1.0,21800.0,1,21700.0,1.0,21600.0,1.0,21500.0,1.0,21400.0,1.0,21300.0,1.0,21200.0,1.0,22200.0,1.0,22300.0,1.0,22400.0,1.0,22500.0,1.0,22600.0,1.0,22700.0,1.0,22800.0,1.0,22900.0,1.0,23000.0,1.0,23100.0,1.0
000629.SZ,2020-08-13,09:34:58,22100.0,0.0,0.0,22100.0,1.0,22000.0,1.0,21900.0,1.0,21800.0,1,21700.0,1.0,21600.0,1.0,21500.0,1.0,21400.0,1.0,21300.0,1.0,21200.0,1.0,22200.0,1.0,22300.0,1.0,22400.0,1.0,22500.0,1.0,22600.0,1.0,22700.0,1.0,22800.0,1.0,22900.0,1.0,23000.0,1.0,23100.0,1.0
000629.SZ,2020-08-13,09:34:59,22100.0,0.0,0.0,22100.0,1.0,22000.0,1.0,21900.0,1.0,21800.0,1,21700.0,1.0,21600.0,1.0,21500.0,1.0,21400.0,1.0,21300.0,1.0,21200.0,1.0,22200.0,1.0,22300.0,1.0,22400.0,1.0,22500.0,1.0,22600.0,1.0,22700.0,1.0,22800.0,1.0,22900.0,1.0,23000.0,1.0,23100.0,1.0
000629.SZ,2020-08-13,09:35:00,22100.0,0.0,0.0,22100.0,1.0,22000.0,1.0,21900.0,1.0,21800.0,1,21700.0,1.0,21600.0,1.0,21500.0,1.0,21400.0,1.0,21300.0,1.0,21200.0,1.0,22200.0,1.0,22300.0,1.0,22400.0,1.0,22500.0,1.0,22600.0,1.0,22700.0,1.0,22800.0,1.0,22900.0,1.0,23000.0,1.0,23100.0,1.0
000629.SZ,2020-08-13,09:35:01,22100.0,0.0748299319727891,1660.4761904761904,22100.0,1.0,22000.0,1.0,21900.0,1.0,21800.0,1,21700.0,1.0,21600.0,1.0,21500.0,1.0,21400.0,1.0,21300.0,1.0,21200.0,1.0,22200.0,1.0,22300.0,1.0,22400.0,1.0,22500.0,1.0,22600.0,1.0,22700.0,1.0,22800.0,1.0,22900.0,1.0,23000.0,1.0,23100.0,1.0
000629.SZ,2020-08-13,09:35:02,22200.0,0.0,0.0,22100.0,1.0,22000.0,1.0,21900.0,1.0,21800.0,1,21700.0,1.0,21600.0,1.0,21500.0,1.0,21400.0,1.0,21300.0,1.0,21200.0,1.0,22200.0,1.0,22300.0,1.0,22400.0,1.0,22500.0,1.0,22600.0,1.0,22700.0,1.0,22800.0,1.0,22900.0,1.0,23000.0,1.0,23100.0,1.0
000629.SZ,2020-08-13,09:35:03,22200.0,0.0,0.0,22100.0,1.0,22000.0,1.0,21900.0,1.0,21800.0,1,21700.0,1.0,21600.0,1.0,21500.0,1.0,21400.0,1.0,21300.0,1.0,21200.0,1.0,22200.0,1.0,22300.0,1.0,22400.0,1.0,22500.0,1.0,22600.0,1.0,22700.0,1.0,22800.0,1.0,22900.0,1.0,23000.0,1.0,23100.0,1.0
000629.SZ,2020-08-13,09:35:04,22200.0,0.0,0.0,22100.0,1.0,22000.0,1.0,21900.0,1.0,21800.0,1,21700.0,1.0,21600.0,1.0,21500.0,1.0,21400.0,1.0,21300.0,1.0,21200.0,1.0,22200.0,1.0,22300.0,1.0,22400.0,1.0,22500.0,1.0,22600.0,1.0,22700.0,1.0,22800.0,1.0,22900.0,1.0,23000.0,1.0,23100.0,1.0
000629.SZ,2020-08-13,09:35:05,22200.0,0.6802721088435374,15034.013605442176,22100.0,0.98,22000.0,1.0,21900.0,1.0,21800.0,1,21700.0,1.0,21600.0,1.0,21500.0,1.0,21400.0,1.0,21300.0,1.0,21200.0,1.0,22200.0,1.0,22300.0,1.0,22400.0,1.0,22500.0,1.0,22600.0,1.0,22700.0,1.0,22800.0,1.0,22900.0,1.0,23000.0,1.0,23100.0,1.0
000629.SZ,2020-08-13,09:35:06,22100.0,0.0,0.0,22100.0,0.98,22000.0,1.0,21900.0,1.0,21800.0,1,21700.0,1.0,21600.0,1.0,21500.0,1.0,21400.0,1.0,21300.0,1.0,21200.0,1.0,22200.0,1.0,22300.0,1.0,22400.0,1.0,22500.0,1.0,22600.0,1.0,22700.0,1.0,22800.0,1.0,22900.0,1.0,23000.0,1.0,23100.0,1.0
000629.SZ,2020-08-13,09:35:07,22100.0,0.0,0.0,22100.0,0.98,22000.0,1.0,21900.0,1.0,21800.0,1,21700.0,1.0,21600.0,1.0,21500.0,1.0,21400.0,1.0,21300.0,1.0,21200.0,1.0,22200.0,1.0,22300.0,1.0,22400.0,1.0,22500.0,1.0,22600.0,1.0,22700.0,1.0,22800.0,1.0,22900.0,1.0,23000.0,1.0,23100.0,1.0
000629.SZ,2020-08-13,09:35:08,22100.0,0.0789115646258503,1743.9455782312923,22100.0,0.89,22000.0,1.0,21900.0,1.0,21800.0,1,21700.0,1.0,21600.0,1.0,21500.0,1.0,21400.0,1.0,21300.0,1.0,21200.0,1.0,22200.0,1.0,22300.0,1.0,22400.0,1.0,22500.0,1.0,22600.0,1.0,22700.0,1.0,22800.0,1.0,22900.0,1.0,23000.0,1.0,23100.0,1.0
000629.SZ,2020-08-13,09:35:09,22100.0,0.0,0.0,22100.0,0.89,22000.0,1.0,21900.0,1.0,21800.0,1,21700.0,1.0,21600.0,1.0,21500.0,1.0,21400.0,1.0,21300.0,1.0,21200.0,1.0,22200.0,1.0,22300.0,1.0,22400.0,1.0,22500.0,1.0,22600.0,1.0,22700.0,1.0,22800.0,1.0,22900.0,1.0,23000.0,1.0,23100.0,1.0
000629.SZ,2020-08-13,09:35:10,22100.0,0.0,0.0,22100.0,0.89,22000.0,1.0,21900.0,1.0,21800.0,1,21700.0,1.0,21600.0,1.0,21500.0,1.0,21400.0,1.0,21300.0,1.0,21200.0,1.0,22200.0,1.0,22300.0,1.0,22400.0,1.0,22500.0,1.0,22600.0,1.0,22700.0,1.0,22800.0,1.0,22900.0,1.0,23000.0,1.0,23100.0,1.0
000629.SZ,2020-08-13,09:35:11,22100.0,0.0,0.0,22100.0,0.89,22000.0,1.0,21900.0,1.0,21800.0,1,21700.0,1.0,21600.0,1.0,21500.0,1.0,21400.0,1.0,21300.0,1.0,21200.0,1.0,22200.0,1.0,22300.0,1.0,22400.0,1.0,22500.0,1.0,22600.0,1.0,22700.0,1.0,22800.0,1.0,22900.0,1.0,23000.0,1.0,23100.0,1.0
000629.SZ,2020-08-13,09:35:12,22100.0,0.0,0.0,22100.0,0.89,22000.0,1.0,21900.0,1.0,21800.0,1,21700.0,1.0,21600.0,1.0,21500.0,1.0,21400.0,1.0,21300.0,1.0,21200.0,1.0,22200.0,1.0,22300.0,1.0,22400.0,1.0,22500.0,1.0,22600.0,1.0,22700.0,1.0,22800.0,1.0,22900.0,1.0,23000.0,1.0,23100.0,1.0
000629.SZ,2020-08-13,09:35:13,22100.0,0.0,0.0,22100.0,0.89,22000.0,1.0,21900.0,1.0,21800.0,1,21700.0,1.0,21600.0,1.0,21500.0,1.0,21400.0,1.0,21300.0,1.0,21200.0,1.0,22200.0,1.0,22300.0,1.0,22400.0,1.0,22500.0,1.0,22600.0,1.0,22700.0,1.0,22800.0,1.0,22900.0,1.0,23000.0,1.0,23100.0,1.0
000629.SZ,2020-08-13,09:35:14,22100.0,0.0,0.0,22100.0,0.89,22000.0,1.0,21900.0,1.0,21800.0,1,21700.0,1.0,21600.0,1.0,21500.0,1.0,21400.0,1.0,21300.0,1.0,21200.0,1.0,22200.0,1.0,22300.0,1.0,22400.0,1.0,22500.0,1.0,22600.0,1.0,22700.0,1.0,22800.0,1.0,22900.0,1.0,23000.0,1.0,23100.0,1.0
000629.SZ,2020-08-13,09:35:15,22100.0,0.0,0.0,22100.0,0.89,22000.0,1.0,21900.0,1.0,21800.0,1,21700.0,1.0,21600.0,1.0,21500.0,1.0,21400.0,1.0,21300.0,1.0,21200.0,1.0,22200.0,1.0,22300.0,1.0,22400.0,1.0,22500.0,1.0,22600.0,1.0,22700.0,1.0,22800.0,1.0,22900.0,1.0,23000.0,1.0,23100.0,1.0
000629.SZ,2020-08-13,09:35:16,22100.0,0.0,0.0,22100.0,0.89,22000.0,1.0,21900.0,1.0,21800.0,1,21700.0,1.0,21600.0,1.0,21500.0,1.0,21400.0,1.0,21300.0,1.0,21200.0,1.0,22200.0,1.0,22300.0,1.0,22400.0,1.0,22500.0,1.0,22600.0,1.0,22700.0,1.0,22800.0,1.0,22900.0,1.0,23000.0,1.0,23100.0,1.0
000629.SZ,2020-08-13,09:35:17,22100.0,0.0,0.0,22100.0,0.89,22000.0,1.0,21900.0,1.0,21800.0,1,21700.0,1.0,21600.0,1.0,21500.0,1.0,21400.0,1.0,21300.0,1.0,21200.0,1.0,22200.0,1.0,22300.0,1.0,22400.0,1.0,22500.0,1.0,22600.0,1.0,22700.0,1.0,22800.0,1.0,22900.0,1.0,23000.0,1.0,23100.0,1.0
000629.SZ,2020-08-13,09:35:18,22100.0,0.0,0.0,22100.0,0.89,22000.0,1.0,21900.0,1.0,21800.0,1,21700.0,1.0,21600.0,1.0,21500.0,1.0,21400.0,1.0,21300.0,1.0,21200.0,1.0,22200.0,1.0,22300.0,1.0,22400.0,1.0,22500.0,1.0,22600.0,1.0,22700.0,1.0,22800.0,1.0,22900.0,1.0,23000.0,1.0,23100.0,1.0
000629.SZ,2020-08-13,09:35:19,22100.0,0.0,0.0,22100.0,0.91,22000.0,1.0,21900.0,1.0,21800.0,1,21700.0,1.0,21600.0,1.0,21500.0,1.0,21400.0,1.0,21300.0,1.0,21200.0,1.0,22200.0,1.0,22300.0,1.0,22400.0,1.0,22500.0,1.0,22600.0,1.0,22700.0,1.0,22800.0,1.0,22900.0,1.0,23000.0,1.0,23100.0,1.0
000629.SZ,2020-08-13,09:35:20,22100.0,0.0,0.0,22100.0,1.0,22000.0,1.0,21900.0,1.0,21800.0,1,21700.0,1.0,21600.0,1.0,21500.0,1.0,21400.0,1.0,21300.0,1.0,21200.0,1.0,22200.0,1.0,22300.0,1.0,22400.0,1.0,22500.0,1.0,22600.0,1.0,22700.0,1.0,22800.0,1.0,22900.0,1.0,23000.0,1.0,23100.0,1.0
000629.SZ,2020-08-13,09:35:21,22100.0,0.001360544217687,30.204081632653057,22100.0,1.0,22000.0,1.0,21900.0,1.0,21800.0,1,21700.0,1.0,21600.0,1.0,21500.0,1.0,21400.0,1.0,21300.0,1.0,21200.0,1.0,22200.0,1.0,22300.0,1.0,22400.0,1.0,22500.0,1.0,22600.0,1.0,22700.0,1.0,22800.0,1.0,22900.0,1.0,23000.0,1.0,23100.0,1.0
000629.SZ,2020-08-13,09:35:22,22200.0,0.0,0.0,22100.0,1.0,22000.0,1.0,21900.0,1.0,21800.0,1,21700.0,1.0,21600.0,1.0,21500.0,1.0,21400.0,1.0,21300.0,1.0,21200.0,1.0,22200.0,1.0,22300.0,1.0,22400.0,1.0,22500.0,1.0,22600.0,1.0,22700.0,1.0,22800.0,1.0,22900.0,1.0,23000.0,1.0,23100.0,1.0
000629.SZ,2020-08-13,09:35:23,22200.0,0.0,0.0,22100.0,1.0,22000.0,1.0,21900.0,1.0,21800.0,1,21700.0,1.0,21600.0,1.0,21500.0,1.0,21400.0,1.0,21300.0,1.0,21200.0,1.0,22200.0,1.0,22300.0,1.0,22400.0,1.0,22500.0,1.0,22600.0,1.0,22700.0,1.0,22800.0,1.0,22900.0,1.0,23000.0,1.0,23100.0,1.0
000629.SZ,2020-08-13,09:35:24,22200.0,0.0,0.0,22100.0,1.0,22000.0,1.0,21900.0,1.0,21800.0,1,21700.0,1.0,21600.0,1.0,21500.0,1.0,21400.0,1.0,21300.0,1.0,21200.0,1.0,22200.0,1.0,22300.0,1.0,22400.0,1.0,22500.0,1.0,22600.0,1.0,22700.0,1.0,22800.0,1.0,22900.0,1.0,23000.0,1.0,23100.0,1.0
000629.SZ,2020-08-13,09:35:25,22200.0,0.0,0.0,22100.0,1.0,22000.0,1.0,21900.0,1.0,21800.0,1,21700.0,1.0,21600.0,1.0,21500.0,1.0,21400.0,1.0,21300.0,1.0,21200.0,1.0,22200.0,1.0,22300.0,1.0,22400.0,1.0,22500.0,1.0,22600.0,1.0,22700.0,1.0,22800.0,1.0,22900.0,1.0,23000.0,1.0,23100.0,1.0
000629.SZ,2020-08-13,09:35:26,22200.0,0.0,0.0,22100.0,1.0,22000.0,1.0,21900.0,1.0,21800.0,1,21700.0,1.0,21600.0,1.0,21500.0,1.0,21400.0,1.0,21300.0,1.0,21200.0,1.0,22200.0,1.0,22300.0,1.0,22400.0,1.0,22500.0,1.0,22600.0,1.0,22700.0,1.0,22800.0,1.0,22900.0,1.0,23000.0,1.0,23100.0,1.0
000629.SZ,2020-08-13,09:35:27,22200.0,0.0204081632653061,451.0204081632653,22100.0,1.0,22000.0,1.0,21900.0,1.0,21800.0,1,21700.0,1.0,21600.0,1.0,21500.0,1.0,21400.0,1.0,21300.0,1.0,21200.0,1.0,22200.0,1.0,22300.0,1.0,22400.0,1.0,22500.0,1.0,22600.0,1.0,22700.0,1.0,22800.0,1.0,22900.0,1.0,23000.0,1.0,23100.0,1.0
000629.SZ,2020-08-13,09:35:28,22100.0,0.0,0.0,22100.0,1.0,22000.0,1.0,21900.0,1.0,21800.0,1,21700.0,1.0,21600.0,1.0,21500.0,1.0,21400.0,1.0,21300.0,1.0,21200.0,1.0,22200.0,1.0,22300.0,1.0,22400.0,1.0,22500.0,1.0,22600.0,1.0,22700.0,1.0,22800.0,1.0,22900.0,1.0,23000.0,1.0,23100.0,1.0
000629.SZ,2020-08-13,09:35:29,22100.0,0.0272108843537414,602.5850340136054,22100.0,1.0,22000.0,1.0,21900.0,1.0,21800.0,1,21700.0,1.0,21600.0,1.0,21500.0,1.0,21400.0,1.0,21300.0,1.0,21200.0,1.0,22200.0,1.0,22300.0,1.0,22400.0,1.0,22500.0,1.0,22600.0,1.0,22700.0,1.0,22800.0,1.0,22900.0,1.0,23000.0,1.0,23100.0,1.0
000629.SZ,2020-08-13,09:35:30,22200.0,0.0,0.0,22100.0,1.0,22000.0,1.0,21900.0,1.0,21800.0,1,21700.0,1.0,21600.0,1.0,21500.0,1.0,21400.0,1.0,21300.0,1.0,21200.0,1.0,22200.0,1.0,22300.0,1.0,22400.0,1.0,22500.0,1.0,22600.0,1.0,22700.0,1.0,22800.0,1.0,22900.0,1.0,23000.0,1.0,23100.0,1.0
000629.SZ,2020-08-13,09:35:31,22200.0,0.1863945578231292,4119.319727891157,22100.0,1.0,22000.0,1.0,21900.0,1.0,21800.0,1,21700.0,1.0,21600.0,1.0,21500.0,1.0,21400.0,1.0,21300.0,1.0,21200.0,1.0,22200.0,1.0,22300.0,1.0,22400.0,1.0,22500.0,1.0,22600.0,1.0,22700.0,1.0,22800.0,1.0,22900.0,1.0,23000.0,1.0,23100.0,1.0
000629.SZ,2020-08-13,09:35:32,22100.0,0.979591836734694,21648.97959183673,22000.0,1.0,21900.0,1.0,21800.0,1.0,21700.0,1,21600.0,1.0,21500.0,1.0,21400.0,1.0,21300.0,1.0,21200.0,1.0,21100.0,0.32,22100.0,0.15,22200.0,1.0,22300.0,1.0,22400.0,1.0,22500.0,1.0,22600.0,1.0,22700.0,1.0,22800.0,1.0,22900.0,1.0,23000.0,1.0
000629.SZ,2020-08-13,09:35:33,22100.0,0.1360544217687075,3006.802721088436,22100.0,0.02,22000.0,1.0,21900.0,1.0,21800.0,1,21700.0,1.0,21600.0,1.0,21500.0,1.0,21400.0,1.0,21300.0,1.0,21200.0,1.0,22200.0,1.0,22300.0,1.0,22400.0,1.0,22500.0,1.0,22600.0,1.0,22700.0,1.0,22800.0,1.0,22900.0,1.0,23000.0,1.0,23100.0,1.0
000629.SZ,2020-08-13,09:35:34,22100.0,0.0,0.0,22100.0,0.03,22000.0,1.0,21900.0,1.0,21800.0,1,21700.0,1.0,21600.0,1.0,21500.0,1.0,21400.0,1.0,21300.0,1.0,21200.0,1.0,22200.0,1.0,22300.0,1.0,22400.0,1.0,22500.0,1.0,22600.0,1.0,22700.0,1.0,22800.0,1.0,22900.0,1.0,23000.0,1.0,23100.0,1.0
000629.SZ,2020-08-13,09:35:35,22100.0,0.0,0.0,22100.0,0.03,22000.0,1.0,21900.0,1.0,21800.0,1,21700.0,1.0,21600.0,1.0,21500.0,1.0,21400.0,1.0,21300.0,1.0,21200.0,1.0,22200.0,1.0,22300.0,1.0,22400.0,1.0,22500.0,1.0,22600.0,1.0,22700.0,1.0,22800.0,1.0,22900.0,1.0,23000.0,1.0,23100.0,1.0
000629.SZ,2020-08-13,09:35:36,22100.0,0.0108843537414965,240.5442176870748,22100.0,0.01,22000.0,1.0,21900.0,1.0,21800.0,1,21700.0,1.0,21600.0,1.0,21500.0,1.0,21400.0,1.0,21300.0,1.0,21200.0,1.0,22200.0,1.0,22300.0,1.0,22400.0,1.0,22500.0,1.0,22600.0,1.0,22700.0,1.0,22800.0,1.0,22900.0,1.0,23000.0,1.0,23100.0,1.0
000629.SZ,2020-08-13,09:35:37,22100.0,0.0,0.0,22100.0,0.02,22000.0,1.0,21900.0,1.0,21800.0,1,21700.0,1.0,21600.0,1.0,21500.0,1.0,21400.0,1.0,21300.0,1.0,21200.0,1.0,22200.0,1.0,22300.0,1.0,22400.0,1.0,22500.0,1.0,22600.0,1.0,22700.0,1.0,22800.0,1.0,22900.0,1.0,23000.0,1.0,23100.0,1.0
