StockCode,DataDate,UpdateTime,LastPrice,Volume,turnover,BidPrice1,BidVolume1,BidPrice2,BidVolume2,BidPrice3,BidVolume3,BidPrice4,BidVolume4,BidPrice5,BidVolume5,BidPrice6,BidVolume6,BidPrice7,BidVolume7,BidPrice8,BidVolume8,BidPrice9,BidVolume9,BidPrice10,BidVolume10,AskPrice1,AskVolume1,AskPrice2,AskVolume2,AskPrice3,AskVolume3,AskPrice4,AskVolume4,AskPrice5,AskVolume5,AskPrice6,AskVolume6,AskPrice7,AskVolume7,AskPrice8,AskVolume8,AskPrice9,AskVolume9,AskPrice10,AskVolume10
000629.SZ,2020-08-31,09:30:01,21900.0,1.0,21841.0,21800.0,1.0,21700.0,1.0,21600.0,1.0,21500.0,1,21400.0,1.0,21300.0,1.0,21200.0,1.0,21100.0,1.0,21000.0,1.0,20900.0,1.0,21900.0,1.0,22000.0,1.0,22100.0,1.0,22200.0,1.0,22300.0,1.0,22400.0,1.0,22500.0,1.0,22600.0,1.0,22700.0,1.0,22800.0,1.0
000629.SZ,2020-08-31,09:30:02,21900.0,0.5551020408163265,12156.734693877552,21800.0,1.0,21700.0,1.0,21600.0,1.0,21500.0,1,21400.0,1.0,21300.0,1.0,21200.0,1.0,21100.0,1.0,21000.0,1.0,20900.0,1.0,21900.0,1.0,22000.0,1.0,22100.0,1.0,22200.0,1.0,22300.0,1.0,22400.0,1.0,22500.0,1.0,22600.0,1.0,22700.0,1.0,22800.0,1.0
000629.SZ,2020-08-31,09:30:03,21900.0,0.4802721088435374,10515.557823129251,21800.0,1.0,21700.0,1.0,21600.0,1.0,21500.0,1,21400.0,1.0,21300.0,1.0,21200.0,1.0,21100.0,1.0,21000.0,1.0,20900.0,1.0,21900.0,1.0,22000.0,1.0,22100.0,1.0,22200.0,1.0,22300.0,1.0,22400.0,1.0,22500.0,1.0,22600.0,1.0,22700.0,1.0,22800.0,1.0
000629.SZ,2020-08-31,09:30:04,21900.0,0.0054421768707482,119.18367346938774,21800.0,1.0,21700.0,1.0,21600.0,1.0,21500.0,1,21400.0,1.0,21300.0,1.0,21200.0,1.0,21100.0,1.0,21000.0,1.0,20900.0,1.0,21900.0,1.0,22000.0,1.0,22100.0,1.0,22200.0,1.0,22300.0,1.0,22400.0,1.0,22500.0,1.0,22600.0,1.0,22700.0,1.0,22800.0,1.0
000629.SZ,2020-08-31,09:30:05,21900.0,0.4435374149659864,9713.469387755102,21800.0,1.0,21700.0,1.0,21600.0,1.0,21500.0,1,21400.0,1.0,21300.0,1.0,21200.0,1.0,21100.0,1.0,21000.0,1.0,20900.0,1.0,21900.0,1.0,22000.0,1.0,22100.0,1.0,22200.0,1.0,22300.0,1.0,22400.0,1.0,22500.0,1.0,22600.0,1.0,22700.0,1.0,22800.0,1.0
000629.SZ,2020-08-31,09:30:06,21900.0,0.382312925170068,8372.65306122449,21800.0,1.0,21700.0,1.0,21600.0,1.0,21500.0,1,21400.0,1.0,21300.0,1.0,21200.0,1.0,21100.0,1.0,21000.0,1.0,20900.0,1.0,21900.0,1.0,22000.0,1.0,22100.0,1.0,22200.0,1.0,22300.0,1.0,22400.0,1.0,22500.0,1.0,22600.0,1.0,22700.0,1.0,22800.0,1.0
000629.SZ,2020-08-31,09:30:07,21900.0,0.3782312925170068,8282.130612244899,21800.0,1.0,21700.0,1.0,21600.0,1.0,21500.0,1,21400.0,1.0,21300.0,1.0,21200.0,1.0,21100.0,1.0,21000.0,1.0,20900.0,1.0,21900.0,1.0,22000.0,1.0,22100.0,1.0,22200.0,1.0,22300.0,1.0,22400.0,1.0,22500.0,1.0,22600.0,1.0,22700.0,1.0,22800.0,1.0
000629.SZ,2020-08-31,09:30:08,21800.0,0.0136054421768707,297.9591836734694,21800.0,1.0,21700.0,1.0,21600.0,1.0,21500.0,1,21400.0,1.0,21300.0,1.0,21200.0,1.0,21100.0,1.0,21000.0,1.0,20900.0,1.0,21900.0,1.0,22000.0,1.0,22100.0,1.0,22200.0,1.0,22300.0,1.0,22400.0,1.0,22500.0,1.0,22600.0,1.0,22700.0,1.0,22800.0,1.0
000629.SZ,2020-08-31,09:30:09,21900.0,0.1034013605442176,2264.4897959183672,21800.0,1.0,21700.0,1.0,21600.0,1.0,21500.0,1,21400.0,1.0,21300.0,1.0,21200.0,1.0,21100.0,1.0,21000.0,1.0,20900.0,1.0,21900.0,1.0,22000.0,1.0,22100.0,1.0,22200.0,1.0,22300.0,1.0,22400.0,1.0,22500.0,1.0,22600.0,1.0,22700.0,1.0,22800.0,1.0
000629.SZ,2020-08-31,09:30:10,21900.0,0.364625850340136,7983.847619047619,21800.0,1.0,21700.0,1.0,21600.0,1.0,21500.0,1,21400.0,1.0,21300.0,1.0,21200.0,1.0,21100.0,1.0,21000.0,1.0,20900.0,1.0,21900.0,0.78,22000.0,1.0,22100.0,1.0,22200.0,1.0,22300.0,1.0,22400.0,1.0,22500.0,1.0,22600.0,1.0,22700.0,1.0,22800.0,1.0
000629.SZ,2020-08-31,09:30:11,21900.0,0.0,0.0,21800.0,1.0,21700.0,1.0,21600.0,1.0,21500.0,1,21400.0,1.0,21300.0,1.0,21200.0,1.0,21100.0,1.0,21000.0,1.0,20900.0,1.0,21900.0,0.78,22000.0,1.0,22100.0,1.0,22200.0,1.0,22300.0,1.0,22400.0,1.0,22500.0,1.0,22600.0,1.0,22700.0,1.0,22800.0,1.0
000629.SZ,2020-08-31,09:30:12,21900.0,0.0054421768707482,118.63945578231292,21800.0,1.0,21700.0,1.0,21600.0,1.0,21500.0,1,21400.0,1.0,21300.0,1.0,21200.0,1.0,21100.0,1.0,21000.0,1.0,20900.0,1.0,21900.0,0.78,22000.0,1.0,22100.0,1.0,22200.0,1.0,22300.0,1.0,22400.0,1.0,22500.0,1.0,22600.0,1.0,22700.0,1.0,22800.0,1.0
000629.SZ,2020-08-31,09:30:13,21800.0,0.0408163265306122,893.8775510204081,21800.0,1.0,21700.0,1.0,21600.0,1.0,21500.0,1,21400.0,1.0,21300.0,1.0,21200.0,1.0,21100.0,1.0,21000.0,1.0,20900.0,1.0,21900.0,0.73,22000.0,1.0,22100.0,1.0,22200.0,1.0,22300.0,1.0,22400.0,1.0,22500.0,1.0,22600.0,1.0,22700.0,1.0,22800.0,1.0
000629.SZ,2020-08-31,09:30:14,21900.0,0.2598639455782313,5691.020408163265,21800.0,1.0,21700.0,1.0,21600.0,1.0,21500.0,1,21400.0,1.0,21300.0,1.0,21200.0,1.0,21100.0,1.0,21000.0,1.0,20900.0,1.0,21900.0,0.38,22000.0,1.0,22100.0,1.0,22200.0,1.0,22300.0,1.0,22400.0,1.0,22500.0,1.0,22600.0,1.0,22700.0,1.0,22800.0,1.0
000629.SZ,2020-08-31,09:30:15,21900.0,0.0,0.0,21800.0,1.0,21700.0,1.0,21600.0,1.0,21500.0,1,21400.0,1.0,21300.0,1.0,21200.0,1.0,21100.0,1.0,21000.0,1.0,20900.0,1.0,21900.0,0.38,22000.0,1.0,22100.0,1.0,22200.0,1.0,22300.0,1.0,22400.0,1.0,22500.0,1.0,22600.0,1.0,22700.0,1.0,22800.0,1.0
000629.SZ,2020-08-31,09:30:16,21900.0,0.0,0.0,21800.0,1.0,21700.0,1.0,21600.0,1.0,21500.0,1,21400.0,1.0,21300.0,1.0,21200.0,1.0,21100.0,1.0,21000.0,1.0,20900.0,1.0,21900.0,0.38,22000.0,1.0,22100.0,1.0,22200.0,1.0,22300.0,1.0,22400.0,1.0,22500.0,1.0,22600.0,1.0,22700.0,1.0,22800.0,1.0
000629.SZ,2020-08-31,09:30:17,21900.0,0.2258503401360544,4946.122448979592,21800.0,1.0,21700.0,1.0,21600.0,1.0,21500.0,1,21400.0,1.0,21300.0,1.0,21200.0,1.0,21100.0,1.0,21000.0,1.0,20900.0,1.0,21900.0,0.08,22000.0,1.0,22100.0,1.0,22200.0,1.0,22300.0,1.0,22400.0,1.0,22500.0,1.0,22600.0,1.0,22700.0,1.0,22800.0,1.0
000629.SZ,2020-08-31,09:30:18,21900.0,0.0149659863945578,327.7551020408163,21800.0,1.0,21700.0,1.0,21600.0,1.0,21500.0,1,21400.0,1.0,21300.0,1.0,21200.0,1.0,21100.0,1.0,21000.0,1.0,20900.0,1.0,21900.0,0.06,22000.0,1.0,22100.0,1.0,22200.0,1.0,22300.0,1.0,22400.0,1.0,22500.0,1.0,22600.0,1.0,22700.0,1.0,22800.0,1.0
000629.SZ,2020-08-31,09:30:19,21900.0,0.0285714285714285,625.7142857142857,21800.0,1.0,21700.0,1.0,21600.0,1.0,21500.0,1,21400.0,1.0,21300.0,1.0,21200.0,1.0,21100.0,1.0,21000.0,1.0,20900.0,1.0,21900.0,0.03,22000.0,1.0,22100.0,1.0,22200.0,1.0,22300.0,1.0,22400.0,1.0,22500.0,1.0,22600.0,1.0,22700.0,1.0,22800.0,1.0
000629.SZ,2020-08-31,09:30:20,21900.0,0.0,0.0,21800.0,1.0,21700.0,1.0,21600.0,1.0,21500.0,1,21400.0,1.0,21300.0,1.0,21200.0,1.0,21100.0,1.0,21000.0,1.0,20900.0,1.0,21900.0,0.03,22000.0,1.0,22100.0,1.0,22200.0,1.0,22300.0,1.0,22400.0,1.0,22500.0,1.0,22600.0,1.0,22700.0,1.0,22800.0,1.0
000629.SZ,2020-08-31,09:30:21,21900.0,0.0,0.0,21800.0,1.0,21700.0,1.0,21600.0,1.0,21500.0,1,21400.0,1.0,21300.0,1.0,21200.0,1.0,21100.0,1.0,21000.0,1.0,20900.0,1.0,21900.0,0.03,22000.0,1.0,22100.0,1.0,22200.0,1.0,22300.0,1.0,22400.0,1.0,22500.0,1.0,22600.0,1.0,22700.0,1.0,22800.0,1.0
000629.SZ,2020-08-31,09:30:22,21900.0,0.0198775510204081,435.3183673469388,21900.0,0.0,21800.0,1.0,21700.0,1.0,21600.0,1,21500.0,1.0,21400.0,1.0,21300.0,1.0,21200.0,1.0,21100.0,1.0,21000.0,1.0,22000.0,1.0,22100.0,1.0,22200.0,1.0,22300.0,1.0,22400.0,1.0,22500.0,1.0,22600.0,1.0,22700.0,1.0,22800.0,1.0,22900.0,1.0
000629.SZ,2020-08-31,09:30:23,21900.0,0.0,0.0,21900.0,0.01,21800.0,1.0,21700.0,1.0,21600.0,1,21500.0,1.0,21400.0,1.0,21300.0,1.0,21200.0,1.0,21100.0,1.0,21000.0,1.0,22000.0,1.0,22100.0,1.0,22200.0,1.0,22300.0,1.0,22400.0,1.0,22500.0,1.0,22600.0,1.0,22700.0,1.0,22800.0,1.0,22900.0,1.0
000629.SZ,2020-08-31,09:30:24,21900.0,0.0,0.0,21900.0,0.01,21800.0,1.0,21700.0,1.0,21600.0,1,21500.0,1.0,21400.0,1.0,21300.0,1.0,21200.0,1.0,21100.0,1.0,21000.0,1.0,22000.0,1.0,22100.0,1.0,22200.0,1.0,22300.0,1.0,22400.0,1.0,22500.0,1.0,22600.0,1.0,22700.0,1.0,22800.0,1.0,22900.0,1.0
000629.SZ,2020-08-31,09:30:25,21900.0,0.0,0.0,21900.0,0.03,21800.0,1.0,21700.0,1.0,21600.0,1,21500.0,1.0,21400.0,1.0,21300.0,1.0,21200.0,1.0,21100.0,1.0,21000.0,1.0,22000.0,1.0,22100.0,1.0,22200.0,1.0,22300.0,1.0,22400.0,1.0,22500.0,1.0,22600.0,1.0,22700.0,1.0,22800.0,1.0,22900.0,1.0
000629.SZ,2020-08-31,09:30:26,21900.0,0.0,0.0,21900.0,0.04,21800.0,1.0,21700.0,1.0,21600.0,1,21500.0,1.0,21400.0,1.0,21300.0,1.0,21200.0,1.0,21100.0,1.0,21000.0,1.0,22000.0,1.0,22100.0,1.0,22200.0,1.0,22300.0,1.0,22400.0,1.0,22500.0,1.0,22600.0,1.0,22700.0,1.0,22800.0,1.0,22900.0,1.0
000629.SZ,2020-08-31,09:30:27,21900.0,0.0,0.0,21900.0,0.04,21800.0,1.0,21700.0,1.0,21600.0,1,21500.0,1.0,21400.0,1.0,21300.0,1.0,21200.0,1.0,21100.0,1.0,21000.0,1.0,22000.0,1.0,22100.0,1.0,22200.0,1.0,22300.0,1.0,22400.0,1.0,22500.0,1.0,22600.0,1.0,22700.0,1.0,22800.0,1.0,22900.0,1.0
000629.SZ,2020-08-31,09:30:28,21900.0,0.0639455782312925,1397.14693877551,21800.0,1.0,21700.0,1.0,21600.0,1.0,21500.0,1,21400.0,1.0,21300.0,1.0,21200.0,1.0,21100.0,1.0,21000.0,1.0,20900.0,1.0,22000.0,1.0,22100.0,1.0,22200.0,1.0,22300.0,1.0,22400.0,1.0,22500.0,1.0,22600.0,1.0,22700.0,1.0,22800.0,1.0,22900.0,1.0
000629.SZ,2020-08-31,09:30:29,21800.0,0.0,0.0,21800.0,1.0,21700.0,1.0,21600.0,1.0,21500.0,1,21400.0,1.0,21300.0,1.0,21200.0,1.0,21100.0,1.0,21000.0,1.0,20900.0,1.0,22000.0,1.0,22100.0,1.0,22200.0,1.0,22300.0,1.0,22400.0,1.0,22500.0,1.0,22600.0,1.0,22700.0,1.0,22800.0,1.0,22900.0,1.0
000629.SZ,2020-08-31,09:30:30,21800.0,0.0421768707482993,927.891156462585,21900.0,0.0,21800.0,1.0,21700.0,1.0,21600.0,1,21500.0,1.0,21400.0,1.0,21300.0,1.0,21200.0,1.0,21100.0,1.0,21000.0,1.0,22000.0,1.0,22100.0,1.0,22200.0,1.0,22300.0,1.0,22400.0,1.0,22500.0,1.0,22600.0,1.0,22700.0,1.0,22800.0,1.0,22900.0,1.0
000629.SZ,2020-08-31,09:30:31,22000.0,0.1360544217687075,2993.197278911565,21900.0,0.01,21800.0,1.0,21700.0,1.0,21600.0,1,21500.0,1.0,21400.0,1.0,21300.0,1.0,21200.0,1.0,21100.0,1.0,21000.0,1.0,22000.0,1.0,22100.0,1.0,22200.0,1.0,22300.0,1.0,22400.0,1.0,22500.0,1.0,22600.0,1.0,22700.0,1.0,22800.0,1.0,22900.0,1.0
000629.SZ,2020-08-31,09:30:32,22000.0,0.0081632653061224,178.77551020408166,21800.0,1.0,21700.0,1.0,21600.0,1.0,21500.0,1,21400.0,1.0,21300.0,1.0,21200.0,1.0,21100.0,1.0,21000.0,1.0,20900.0,1.0,21900.0,0.04,22000.0,1.0,22100.0,1.0,22200.0,1.0,22300.0,1.0,22400.0,1.0,22500.0,1.0,22600.0,1.0,22700.0,1.0,22800.0,1.0
000629.SZ,2020-08-31,09:30:33,21900.0,0.0421768707482993,924.7278911564624,21800.0,1.0,21700.0,1.0,21600.0,1.0,21500.0,1,21400.0,1.0,21300.0,1.0,21200.0,1.0,21100.0,1.0,21000.0,1.0,20900.0,1.0,22000.0,1.0,22100.0,1.0,22200.0,1.0,22300.0,1.0,22400.0,1.0,22500.0,1.0,22600.0,1.0,22700.0,1.0,22800.0,1.0,22900.0,1.0
000629.SZ,2020-08-31,09:30:34,22000.0,0.0625850340136054,1372.4897959183677,21800.0,1.0,21700.0,1.0,21600.0,1.0,21500.0,1,21400.0,1.0,21300.0,1.0,21200.0,1.0,21100.0,1.0,21000.0,1.0,20900.0,1.0,22000.0,1.0,22100.0,1.0,22200.0,1.0,22300.0,1.0,22400.0,1.0,22500.0,1.0,22600.0,1.0,22700.0,1.0,22800.0,1.0,22900.0,1.0
000629.SZ,2020-08-31,09:30:35,21800.0,0.145578231292517,3202.7210884353744,21800.0,1.0,21700.0,1.0,21600.0,1.0,21500.0,1,21400.0,1.0,21300.0,1.0,21200.0,1.0,21100.0,1.0,21000.0,1.0,20900.0,1.0,22000.0,1.0,22100.0,1.0,22200.0,1.0,22300.0,1.0,22400.0,1.0,22500.0,1.0,22600.0,1.0,22700.0,1.0,22800.0,1.0,22900.0,1.0
000629.SZ,2020-08-31,09:30:36,22000.0,0.0,0.0,21800.0,1.0,21700.0,1.0,21600.0,1.0,21500.0,1,21400.0,1.0,21300.0,1.0,21200.0,1.0,21100.0,1.0,21000.0,1.0,20900.0,1.0,22000.0,1.0,22100.0,1.0,22200.0,1.0,22300.0,1.0,22400.0,1.0,22500.0,1.0,22600.0,1.0,22700.0,1.0,22800.0,1.0,22900.0,1.0
000629.SZ,2020-08-31,09:30:37,22000.0,0.0,0.0,21900.0,0.32,21800.0,1.0,21700.0,1.0,21600.0,1,21500.0,1.0,21400.0,1.0,21300.0,1.0,21200.0,1.0,21100.0,1.0,21000.0,1.0,22000.0,1.0,22100.0,1.0,22200.0,1.0,22300.0,1.0,22400.0,1.0,22500.0,1.0,22600.0,1.0,22700.0,1.0,22800.0,1.0,22900.0,1.0
000629.SZ,2020-08-31,09:30:38,22000.0,0.3768707482993197,8277.212244897959,21900.0,0.14,21800.0,1.0,21700.0,1.0,21600.0,1,21500.0,1.0,21400.0,1.0,21300.0,1.0,21200.0,1.0,21100.0,1.0,21000.0,1.0,22000.0,1.0,22100.0,1.0,22200.0,1.0,22300.0,1.0,22400.0,1.0,22500.0,1.0,22600.0,1.0,22700.0,1.0,22800.0,1.0,22900.0,1.0
000629.SZ,2020-08-31,09:30:39,22000.0,0.0,0.0,21900.0,0.14,21800.0,1.0,21700.0,1.0,21600.0,1,21500.0,1.0,21400.0,1.0,21300.0,1.0,21200.0,1.0,21100.0,1.0,21000.0,1.0,22000.0,1.0,22100.0,1.0,22200.0,1.0,22300.0,1.0,22400.0,1.0,22500.0,1.0,22600.0,1.0,22700.0,1.0,22800.0,1.0,22900.0,1.0
000629.SZ,2020-08-31,09:30:40,22000.0,0.4421768707482993,9658.469387755102,21800.0,1.0,21700.0,1.0,21600.0,1.0,21500.0,1,21400.0,1.0,21300.0,1.0,21200.0,1.0,21100.0,1.0,21000.0,1.0,20900.0,1.0,22000.0,1.0,22100.0,1.0,22200.0,1.0,22300.0,1.0,22400.0,1.0,22500.0,1.0,22600.0,1.0,22700.0,1.0,22800.0,1.0,22900.0,1.0
000629.SZ,2020-08-31,09:30:41,22000.0,0.0421768707482993,927.891156462585,21800.0,1.0,21700.0,1.0,21600.0,1.0,21500.0,1,21400.0,1.0,21300.0,1.0,21200.0,1.0,21100.0,1.0,21000.0,1.0,20900.0,1.0,22000.0,1.0,22100.0,1.0,22200.0,1.0,22300.0,1.0,22400.0,1.0,22500.0,1.0,22600.0,1.0,22700.0,1.0,22800.0,1.0,22900.0,1.0
000629.SZ,2020-08-31,09:30:42,22000.0,0.0857142857142857,1885.7142857142856,21800.0,1.0,21700.0,1.0,21600.0,1.0,21500.0,1,21400.0,1.0,21300.0,1.0,21200.0,1.0,21100.0,1.0,21000.0,1.0,20900.0,1.0,22000.0,1.0,22100.0,1.0,22200.0,1.0,22300.0,1.0,22400.0,1.0,22500.0,1.0,22600.0,1.0,22700.0,1.0,22800.0,1.0,22900.0,1.0
000629.SZ,2020-08-31,09:30:43,22000.0,0.0,0.0,21800.0,1.0,21700.0,1.0,21600.0,1.0,21500.0,1,21400.0,1.0,21300.0,1.0,21200.0,1.0,21100.0,1.0,21000.0,1.0,20900.0,1.0,22000.0,1.0,22100.0,1.0,22200.0,1.0,22300.0,1.0,22400.0,1.0,22500.0,1.0,22600.0,1.0,22700.0,1.0,22800.0,1.0,22900.0,1.0
000629.SZ,2020-08-31,09:30:44,22000.0,0.0,0.0,21900.0,0.08,21800.0,1.0,21700.0,1.0,21600.0,1,21500.0,1.0,21400.0,1.0,21300.0,1.0,21200.0,1.0,21100.0,1.0,21000.0,1.0,22000.0,1.0,22100.0,1.0,22200.0,1.0,22300.0,1.0,22400.0,1.0,22500.0,1.0,22600.0,1.0,22700.0,1.0,22800.0,1.0,22900.0,1.0
000629.SZ,2020-08-31,09:30:45,22000.0,0.0408163265306122,897.9591836734693,21900.0,0.08,21800.0,1.0,21700.0,1.0,21600.0,1,21500.0,1.0,21400.0,1.0,21300.0,1.0,21200.0,1.0,21100.0,1.0,21000.0,1.0,22000.0,1.0,22100.0,1.0,22200.0,1.0,22300.0,1.0,22400.0,1.0,22500.0,1.0,22600.0,1.0,22700.0,1.0,22800.0,1.0,22900.0,1.0
000629.SZ,2020-08-31,09:30:46,22000.0,0.3714285714285714,8170.685714285714,21900.0,0.08,21800.0,1.0,21700.0,1.0,21600.0,1,21500.0,1.0,21400.0,1.0,21300.0,1.0,21200.0,1.0,21100.0,1.0,21000.0,1.0,22000.0,1.0,22100.0,1.0,22200.0,1.0,22300.0,1.0,22400.0,1.0,22500.0,1.0,22600.0,1.0,22700.0,1.0,22800.0,1.0,22900.0,1.0
000629.SZ,2020-08-31,09:30:47,22000.0,0.3238095238095238,7073.295238095238,21800.0,1.0,21700.0,1.0,21600.0,1.0,21500.0,1,21400.0,1.0,21300.0,1.0,21200.0,1.0,21100.0,1.0,21000.0,1.0,20900.0,1.0,22000.0,1.0,22100.0,1.0,22200.0,1.0,22300.0,1.0,22400.0,1.0,22500.0,1.0,22600.0,1.0,22700.0,1.0,22800.0,1.0,22900.0,1.0
000629.SZ,2020-08-31,09:30:48,22000.0,0.0,0.0,21800.0,1.0,21700.0,1.0,21600.0,1.0,21500.0,1,21400.0,1.0,21300.0,1.0,21200.0,1.0,21100.0,1.0,21000.0,1.0,20900.0,1.0,22000.0,1.0,22100.0,1.0,22200.0,1.0,22300.0,1.0,22400.0,1.0,22500.0,1.0,22600.0,1.0,22700.0,1.0,22800.0,1.0,22900.0,1.0
000629.SZ,2020-08-31,09:30:49,22000.0,0.0421768707482993,927.891156462585,21900.0,0.18,21800.0,1.0,21700.0,1.0,21600.0,1,21500.0,1.0,21400.0,1.0,21300.0,1.0,21200.0,1.0,21100.0,1.0,21000.0,1.0,22000.0,1.0,22100.0,1.0,22200.0,1.0,22300.0,1.0,22400.0,1.0,22500.0,1.0,22600.0,1.0,22700.0,1.0,22800.0,1.0,22900.0,1.0
000629.SZ,2020-08-31,09:30:50,22000.0,0.2258503401360544,4967.804081632653,21900.0,0.71,21800.0,1.0,21700.0,1.0,21600.0,1,21500.0,1.0,21400.0,1.0,21300.0,1.0,21200.0,1.0,21100.0,1.0,21000.0,1.0,22000.0,1.0,22100.0,1.0,22200.0,1.0,22300.0,1.0,22400.0,1.0,22500.0,1.0,22600.0,1.0,22700.0,1.0,22800.0,1.0,22900.0,1.0
000629.SZ,2020-08-31,09:30:51,21900.0,0.0136054421768707,297.9591836734694,21900.0,0.69,21800.0,1.0,21700.0,1.0,21600.0,1,21500.0,1.0,21400.0,1.0,21300.0,1.0,21200.0,1.0,21100.0,1.0,21000.0,1.0,22000.0,1.0,22100.0,1.0,22200.0,1.0,22300.0,1.0,22400.0,1.0,22500.0,1.0,22600.0,1.0,22700.0,1.0,22800.0,1.0,22900.0,1.0
000629.SZ,2020-08-31,09:30:52,21900.0,0.1142857142857142,2508.5714285714284,21900.0,0.61,21800.0,1.0,21700.0,1.0,21600.0,1,21500.0,1.0,21400.0,1.0,21300.0,1.0,21200.0,1.0,21100.0,1.0,21000.0,1.0,22000.0,1.0,22100.0,1.0,22200.0,1.0,22300.0,1.0,22400.0,1.0,22500.0,1.0,22600.0,1.0,22700.0,1.0,22800.0,1.0,22900.0,1.0
000629.SZ,2020-08-31,09:30:53,22000.0,0.1224489795918367,2693.877551020408,21900.0,0.79,21800.0,1.0,21700.0,1.0,21600.0,1,21500.0,1.0,21400.0,1.0,21300.0,1.0,21200.0,1.0,21100.0,1.0,21000.0,1.0,22000.0,1.0,22100.0,1.0,22200.0,1.0,22300.0,1.0,22400.0,1.0,22500.0,1.0,22600.0,1.0,22700.0,1.0,22800.0,1.0,22900.0,1.0
000629.SZ,2020-08-31,09:30:54,22000.0,0.0,0.0,21900.0,0.79,21800.0,1.0,21700.0,1.0,21600.0,1,21500.0,1.0,21400.0,1.0,21300.0,1.0,21200.0,1.0,21100.0,1.0,21000.0,1.0,22000.0,1.0,22100.0,1.0,22200.0,1.0,22300.0,1.0,22400.0,1.0,22500.0,1.0,22600.0,1.0,22700.0,1.0,22800.0,1.0,22900.0,1.0
000629.SZ,2020-08-31,09:30:55,22000.0,0.1795918367346938,3937.371428571428,21900.0,0.74,21800.0,1.0,21700.0,1.0,21600.0,1,21500.0,1.0,21400.0,1.0,21300.0,1.0,21200.0,1.0,21100.0,1.0,21000.0,1.0,22000.0,1.0,22100.0,1.0,22200.0,1.0,22300.0,1.0,22400.0,1.0,22500.0,1.0,22600.0,1.0,22700.0,1.0,22800.0,1.0,22900.0,1.0
000629.SZ,2020-08-31,09:30:56,21900.0,0.145578231292517,3202.7210884353744,21900.0,0.31,21800.0,1.0,21700.0,1.0,21600.0,1,21500.0,1.0,21400.0,1.0,21300.0,1.0,21200.0,1.0,21100.0,1.0,21000.0,1.0,22000.0,1.0,22100.0,1.0,22200.0,1.0,22300.0,1.0,22400.0,1.0,22500.0,1.0,22600.0,1.0,22700.0,1.0,22800.0,1.0,22900.0,1.0
000629.SZ,2020-08-31,09:30:57,22000.0,0.272108843537415,5963.265306122449,21800.0,1.0,21700.0,1.0,21600.0,1.0,21500.0,1,21400.0,1.0,21300.0,1.0,21200.0,1.0,21100.0,1.0,21000.0,1.0,20900.0,1.0,21900.0,1.0,22000.0,1.0,22100.0,1.0,22200.0,1.0,22300.0,1.0,22400.0,1.0,22500.0,1.0,22600.0,1.0,22700.0,1.0,22800.0,1.0
000629.SZ,2020-08-31,09:30:58,21900.0,0.1197278911564625,2622.0408163265306,21800.0,1.0,21700.0,1.0,21600.0,1.0,21500.0,1,21400.0,1.0,21300.0,1.0,21200.0,1.0,21100.0,1.0,21000.0,1.0,20900.0,1.0,21900.0,1.0,22000.0,1.0,22100.0,1.0,22200.0,1.0,22300.0,1.0,22400.0,1.0,22500.0,1.0,22600.0,1.0,22700.0,1.0,22800.0,1.0
000629.SZ,2020-08-31,09:30:59,21900.0,0.1986394557823129,4348.019047619047,21800.0,1.0,21700.0,1.0,21600.0,1.0,21500.0,1,21400.0,1.0,21300.0,1.0,21200.0,1.0,21100.0,1.0,21000.0,1.0,20900.0,1.0,21900.0,1.0,22000.0,1.0,22100.0,1.0,22200.0,1.0,22300.0,1.0,22400.0,1.0,22500.0,1.0,22600.0,1.0,22700.0,1.0,22800.0,1.0
000629.SZ,2020-08-31,09:31:00,21900.0,0.0421768707482993,923.6734693877552,21800.0,1.0,21700.0,1.0,21600.0,1.0,21500.0,1,21400.0,1.0,21300.0,1.0,21200.0,1.0,21100.0,1.0,21000.0,1.0,20900.0,1.0,21900.0,1.0,22000.0,1.0,22100.0,1.0,22200.0,1.0,22300.0,1.0,22400.0,1.0,22500.0,1.0,22600.0,1.0,22700.0,1.0,22800.0,1.0
000629.SZ,2020-08-31,09:31:01,21900.0,0.0571428571428571,1245.7142857142858,21800.0,1.0,21700.0,1.0,21600.0,1.0,21500.0,1,21400.0,1.0,21300.0,1.0,21200.0,1.0,21100.0,1.0,21000.0,1.0,20900.0,1.0,21900.0,1.0,22000.0,1.0,22100.0,1.0,22200.0,1.0,22300.0,1.0,22400.0,1.0,22500.0,1.0,22600.0,1.0,22700.0,1.0,22800.0,1.0
000629.SZ,2020-08-31,09:31:02,21800.0,0.0,0.0,21800.0,1.0,21700.0,1.0,21600.0,1.0,21500.0,1,21400.0,1.0,21300.0,1.0,21200.0,1.0,21100.0,1.0,21000.0,1.0,20900.0,1.0,21900.0,1.0,22000.0,1.0,22100.0,1.0,22200.0,1.0,22300.0,1.0,22400.0,1.0,22500.0,1.0,22600.0,1.0,22700.0,1.0,22800.0,1.0
000629.SZ,2020-08-31,09:31:03,21800.0,0.0421768707482993,923.6734693877552,21800.0,1.0,21700.0,1.0,21600.0,1.0,21500.0,1,21400.0,1.0,21300.0,1.0,21200.0,1.0,21100.0,1.0,21000.0,1.0,20900.0,1.0,21900.0,1.0,22000.0,1.0,22100.0,1.0,22200.0,1.0,22300.0,1.0,22400.0,1.0,22500.0,1.0,22600.0,1.0,22700.0,1.0,22800.0,1.0
000629.SZ,2020-08-31,09:31:04,21900.0,1.0,21900.0,21800.0,1.0,21700.0,1.0,21600.0,1.0,21500.0,1,21400.0,1.0,21300.0,1.0,21200.0,1.0,21100.0,1.0,21000.0,1.0,20900.0,1.0,21900.0,1.0,22000.0,1.0,22100.0,1.0,22200.0,1.0,22300.0,1.0,22400.0,1.0,22500.0,1.0,22600.0,1.0,22700.0,1.0,22800.0,1.0
000629.SZ,2020-08-31,09:31:05,21900.0,0.0285714285714285,625.7142857142857,21800.0,1.0,21700.0,1.0,21600.0,1.0,21500.0,1,21400.0,1.0,21300.0,1.0,21200.0,1.0,21100.0,1.0,21000.0,1.0,20900.0,1.0,21900.0,1.0,22000.0,1.0,22100.0,1.0,22200.0,1.0,22300.0,1.0,22400.0,1.0,22500.0,1.0,22600.0,1.0,22700.0,1.0,22800.0,1.0
000629.SZ,2020-08-31,09:31:06,21900.0,0.0,0.0,21800.0,1.0,21700.0,1.0,21600.0,1.0,21500.0,1,21400.0,1.0,21300.0,1.0,21200.0,1.0,21100.0,1.0,21000.0,1.0,20900.0,1.0,21900.0,1.0,22000.0,1.0,22100.0,1.0,22200.0,1.0,22300.0,1.0,22400.0,1.0,22500.0,1.0,22600.0,1.0,22700.0,1.0,22800.0,1.0
000629.SZ,2020-08-31,09:31:07,21900.0,0.0,0.0,21800.0,1.0,21700.0,1.0,21600.0,1.0,21500.0,1,21400.0,1.0,21300.0,1.0,21200.0,1.0,21100.0,1.0,21000.0,1.0,20900.0,1.0,21900.0,1.0,22000.0,1.0,22100.0,1.0,22200.0,1.0,22300.0,1.0,22400.0,1.0,22500.0,1.0,22600.0,1.0,22700.0,1.0,22800.0,1.0
000629.SZ,2020-08-31,09:31:08,21900.0,0.1238095238095238,2711.428571428572,21800.0,1.0,21700.0,1.0,21600.0,1.0,21500.0,1,21400.0,1.0,21300.0,1.0,21200.0,1.0,21100.0,1.0,21000.0,1.0,20900.0,1.0,21900.0,1.0,22000.0,1.0,22100.0,1.0,22200.0,1.0,22300.0,1.0,22400.0,1.0,22500.0,1.0,22600.0,1.0,22700.0,1.0,22800.0,1.0
000629.SZ,2020-08-31,09:31:09,21900.0,0.0,0.0,21800.0,1.0,21700.0,1.0,21600.0,1.0,21500.0,1,21400.0,1.0,21300.0,1.0,21200.0,1.0,21100.0,1.0,21000.0,1.0,20900.0,1.0,21900.0,1.0,22000.0,1.0,22100.0,1.0,22200.0,1.0,22300.0,1.0,22400.0,1.0,22500.0,1.0,22600.0,1.0,22700.0,1.0,22800.0,1.0
000629.SZ,2020-08-31,09:31:10,21900.0,0.0231292517006802,504.2176870748299,21800.0,1.0,21700.0,1.0,21600.0,1.0,21500.0,1,21400.0,1.0,21300.0,1.0,21200.0,1.0,21100.0,1.0,21000.0,1.0,20900.0,1.0,21900.0,1.0,22000.0,1.0,22100.0,1.0,22200.0,1.0,22300.0,1.0,22400.0,1.0,22500.0,1.0,22600.0,1.0,22700.0,1.0,22800.0,1.0
000629.SZ,2020-08-31,09:31:11,21800.0,0.0,0.0,21800.0,1.0,21700.0,1.0,21600.0,1.0,21500.0,1,21400.0,1.0,21300.0,1.0,21200.0,1.0,21100.0,1.0,21000.0,1.0,20900.0,1.0,21900.0,1.0,22000.0,1.0,22100.0,1.0,22200.0,1.0,22300.0,1.0,22400.0,1.0,22500.0,1.0,22600.0,1.0,22700.0,1.0,22800.0,1.0
000629.SZ,2020-08-31,09:31:12,21800.0,0.0,0.0,21800.0,1.0,21700.0,1.0,21600.0,1.0,21500.0,1,21400.0,1.0,21300.0,1.0,21200.0,1.0,21100.0,1.0,21000.0,1.0,20900.0,1.0,21900.0,1.0,22000.0,1.0,22100.0,1.0,22200.0,1.0,22300.0,1.0,22400.0,1.0,22500.0,1.0,22600.0,1.0,22700.0,1.0,22800.0,1.0
000629.SZ,2020-08-31,09:31:13,21800.0,0.0,0.0,21800.0,1.0,21700.0,1.0,21600.0,1.0,21500.0,1,21400.0,1.0,21300.0,1.0,21200.0,1.0,21100.0,1.0,21000.0,1.0,20900.0,1.0,21900.0,1.0,22000.0,1.0,22100.0,1.0,22200.0,1.0,22300.0,1.0,22400.0,1.0,22500.0,1.0,22600.0,1.0,22700.0,1.0,22800.0,1.0
000629.SZ,2020-08-31,09:31:14,21800.0,0.0312925170068027,685.3061224489796,21800.0,1.0,21700.0,1.0,21600.0,1.0,21500.0,1,21400.0,1.0,21300.0,1.0,21200.0,1.0,21100.0,1.0,21000.0,1.0,20900.0,1.0,21900.0,1.0,22000.0,1.0,22100.0,1.0,22200.0,1.0,22300.0,1.0,22400.0,1.0,22500.0,1.0,22600.0,1.0,22700.0,1.0,22800.0,1.0
000629.SZ,2020-08-31,09:31:15,21900.0,0.0,0.0,21800.0,1.0,21700.0,1.0,21600.0,1.0,21500.0,1,21400.0,1.0,21300.0,1.0,21200.0,1.0,21100.0,1.0,21000.0,1.0,20900.0,1.0,21900.0,1.0,22000.0,1.0,22100.0,1.0,22200.0,1.0,22300.0,1.0,22400.0,1.0,22500.0,1.0,22600.0,1.0,22700.0,1.0,22800.0,1.0
000629.SZ,2020-08-31,09:31:16,21900.0,0.0,0.0,21800.0,1.0,21700.0,1.0,21600.0,1.0,21500.0,1,21400.0,1.0,21300.0,1.0,21200.0,1.0,21100.0,1.0,21000.0,1.0,20900.0,1.0,21900.0,1.0,22000.0,1.0,22100.0,1.0,22200.0,1.0,22300.0,1.0,22400.0,1.0,22500.0,1.0,22600.0,1.0,22700.0,1.0,22800.0,1.0
000629.SZ,2020-08-31,09:31:17,21900.0,0.0,0.0,21800.0,1.0,21700.0,1.0,21600.0,1.0,21500.0,1,21400.0,1.0,21300.0,1.0,21200.0,1.0,21100.0,1.0,21000.0,1.0,20900.0,1.0,21900.0,1.0,22000.0,1.0,22100.0,1.0,22200.0,1.0,22300.0,1.0,22400.0,1.0,22500.0,1.0,22600.0,1.0,22700.0,1.0,22800.0,1.0
000629.SZ,2020-08-31,09:31:18,21900.0,0.1469387755102041,3217.95918367347,21800.0,1.0,21700.0,1.0,21600.0,1.0,21500.0,1,21400.0,1.0,21300.0,1.0,21200.0,1.0,21100.0,1.0,21000.0,1.0,20900.0,1.0,21900.0,1.0,22000.0,1.0,22100.0,1.0,22200.0,1.0,22300.0,1.0,22400.0,1.0,22500.0,1.0,22600.0,1.0,22700.0,1.0,22800.0,1.0
000629.SZ,2020-08-31,09:31:19,21900.0,0.0040816326530612,88.9795918367347,21800.0,1.0,21700.0,1.0,21600.0,1.0,21500.0,1,21400.0,1.0,21300.0,1.0,21200.0,1.0,21100.0,1.0,21000.0,1.0,20900.0,1.0,21900.0,1.0,22000.0,1.0,22100.0,1.0,22200.0,1.0,22300.0,1.0,22400.0,1.0,22500.0,1.0,22600.0,1.0,22700.0,1.0,22800.0,1.0
000629.SZ,2020-08-31,09:31:20,21800.0,0.0408163265306122,893.8775510204081,21800.0,1.0,21700.0,1.0,21600.0,1.0,21500.0,1,21400.0,1.0,21300.0,1.0,21200.0,1.0,21100.0,1.0,21000.0,1.0,20900.0,1.0,21900.0,0.98,22000.0,1.0,22100.0,1.0,22200.0,1.0,22300.0,1.0,22400.0,1.0,22500.0,1.0,22600.0,1.0,22700.0,1.0,22800.0,1.0
000629.SZ,2020-08-31,09:31:21,21900.0,0.0,0.0,21800.0,1.0,21700.0,1.0,21600.0,1.0,21500.0,1,21400.0,1.0,21300.0,1.0,21200.0,1.0,21100.0,1.0,21000.0,1.0,20900.0,1.0,21900.0,0.98,22000.0,1.0,22100.0,1.0,22200.0,1.0,22300.0,1.0,22400.0,1.0,22500.0,1.0,22600.0,1.0,22700.0,1.0,22800.0,1.0
000629.SZ,2020-08-31,09:31:22,21900.0,0.0503401360544217,1097.4149659863945,21800.0,1.0,21700.0,1.0,21600.0,1.0,21500.0,1,21400.0,1.0,21300.0,1.0,21200.0,1.0,21100.0,1.0,21000.0,1.0,20900.0,1.0,21900.0,0.98,22000.0,1.0,22100.0,1.0,22200.0,1.0,22300.0,1.0,22400.0,1.0,22500.0,1.0,22600.0,1.0,22700.0,1.0,22800.0,1.0
000629.SZ,2020-08-31,09:31:23,21800.0,0.0,0.0,21800.0,1.0,21700.0,1.0,21600.0,1.0,21500.0,1,21400.0,1.0,21300.0,1.0,21200.0,1.0,21100.0,1.0,21000.0,1.0,20900.0,1.0,21900.0,0.98,22000.0,1.0,22100.0,1.0,22200.0,1.0,22300.0,1.0,22400.0,1.0,22500.0,1.0,22600.0,1.0,22700.0,1.0,22800.0,1.0
000629.SZ,2020-08-31,09:31:24,21800.0,0.1333333333333333,2920.0,21800.0,1.0,21700.0,1.0,21600.0,1.0,21500.0,1,21400.0,1.0,21300.0,1.0,21200.0,1.0,21100.0,1.0,21000.0,1.0,20900.0,1.0,21900.0,0.81,22000.0,1.0,22100.0,1.0,22200.0,1.0,22300.0,1.0,22400.0,1.0,22500.0,1.0,22600.0,1.0,22700.0,1.0,22800.0,1.0
000629.SZ,2020-08-31,09:31:25,21900.0,0.0,0.0,21800.0,1.0,21700.0,1.0,21600.0,1.0,21500.0,1,21400.0,1.0,21300.0,1.0,21200.0,1.0,21100.0,1.0,21000.0,1.0,20900.0,1.0,21900.0,0.81,22000.0,1.0,22100.0,1.0,22200.0,1.0,22300.0,1.0,22400.0,1.0,22500.0,1.0,22600.0,1.0,22700.0,1.0,22800.0,1.0
000629.SZ,2020-08-31,09:31:26,21900.0,0.0,0.0,21800.0,1.0,21700.0,1.0,21600.0,1.0,21500.0,1,21400.0,1.0,21300.0,1.0,21200.0,1.0,21100.0,1.0,21000.0,1.0,20900.0,1.0,21900.0,0.81,22000.0,1.0,22100.0,1.0,22200.0,1.0,22300.0,1.0,22400.0,1.0,22500.0,1.0,22600.0,1.0,22700.0,1.0,22800.0,1.0
000629.SZ,2020-08-31,09:31:27,21900.0,0.0857142857142857,1876.1142857142856,21800.0,1.0,21700.0,1.0,21600.0,1.0,21500.0,1,21400.0,1.0,21300.0,1.0,21200.0,1.0,21100.0,1.0,21000.0,1.0,20900.0,1.0,21900.0,0.71,22000.0,1.0,22100.0,1.0,22200.0,1.0,22300.0,1.0,22400.0,1.0,22500.0,1.0,22600.0,1.0,22700.0,1.0,22800.0,1.0
000629.SZ,2020-08-31,09:31:28,21800.0,0.0421768707482993,923.6734693877552,21800.0,1.0,21700.0,1.0,21600.0,1.0,21500.0,1,21400.0,1.0,21300.0,1.0,21200.0,1.0,21100.0,1.0,21000.0,1.0,20900.0,1.0,21900.0,0.65,22000.0,1.0,22100.0,1.0,22200.0,1.0,22300.0,1.0,22400.0,1.0,22500.0,1.0,22600.0,1.0,22700.0,1.0,22800.0,1.0
000629.SZ,2020-08-31,09:31:29,21900.0,0.272108843537415,5959.183673469388,21800.0,1.0,21700.0,1.0,21600.0,1.0,21500.0,1,21400.0,1.0,21300.0,1.0,21200.0,1.0,21100.0,1.0,21000.0,1.0,20900.0,1.0,21900.0,0.29,22000.0,1.0,22100.0,1.0,22200.0,1.0,22300.0,1.0,22400.0,1.0,22500.0,1.0,22600.0,1.0,22700.0,1.0,22800.0,1.0
000629.SZ,2020-08-31,09:31:30,21900.0,0.2204081632653061,4826.938775510204,21900.0,0.05,21800.0,1.0,21700.0,1.0,21600.0,1,21500.0,1.0,21400.0,1.0,21300.0,1.0,21200.0,1.0,21100.0,1.0,21000.0,1.0,22000.0,1.0,22100.0,1.0,22200.0,1.0,22300.0,1.0,22400.0,1.0,22500.0,1.0,22600.0,1.0,22700.0,1.0,22800.0,1.0,22900.0,1.0
000629.SZ,2020-08-31,09:31:31,21900.0,0.0,0.0,21900.0,0.05,21800.0,1.0,21700.0,1.0,21600.0,1,21500.0,1.0,21400.0,1.0,21300.0,1.0,21200.0,1.0,21100.0,1.0,21000.0,1.0,22000.0,1.0,22100.0,1.0,22200.0,1.0,22300.0,1.0,22400.0,1.0,22500.0,1.0,22600.0,1.0,22700.0,1.0,22800.0,1.0,22900.0,1.0
000629.SZ,2020-08-31,09:31:32,21900.0,0.0408163265306122,897.9591836734693,21900.0,0.05,21800.0,1.0,21700.0,1.0,21600.0,1,21500.0,1.0,21400.0,1.0,21300.0,1.0,21200.0,1.0,21100.0,1.0,21000.0,1.0,22000.0,1.0,22100.0,1.0,22200.0,1.0,22300.0,1.0,22400.0,1.0,22500.0,1.0,22600.0,1.0,22700.0,1.0,22800.0,1.0,22900.0,1.0
000629.SZ,2020-08-31,09:31:33,22000.0,0.0,0.0,21900.0,0.05,21800.0,1.0,21700.0,1.0,21600.0,1,21500.0,1.0,21400.0,1.0,21300.0,1.0,21200.0,1.0,21100.0,1.0,21000.0,1.0,22000.0,1.0,22100.0,1.0,22200.0,1.0,22300.0,1.0,22400.0,1.0,22500.0,1.0,22600.0,1.0,22700.0,1.0,22800.0,1.0,22900.0,1.0
000629.SZ,2020-08-31,09:31:34,22000.0,0.0095238095238095,208.57142857142856,21900.0,0.04,21800.0,1.0,21700.0,1.0,21600.0,1,21500.0,1.0,21400.0,1.0,21300.0,1.0,21200.0,1.0,21100.0,1.0,21000.0,1.0,22000.0,1.0,22100.0,1.0,22200.0,1.0,22300.0,1.0,22400.0,1.0,22500.0,1.0,22600.0,1.0,22700.0,1.0,22800.0,1.0,22900.0,1.0
000629.SZ,2020-08-31,09:31:35,21900.0,0.0421768707482993,927.891156462585,21900.0,0.04,21800.0,1.0,21700.0,1.0,21600.0,1,21500.0,1.0,21400.0,1.0,21300.0,1.0,21200.0,1.0,21100.0,1.0,21000.0,1.0,22000.0,1.0,22100.0,1.0,22200.0,1.0,22300.0,1.0,22400.0,1.0,22500.0,1.0,22600.0,1.0,22700.0,1.0,22800.0,1.0,22900.0,1.0
000629.SZ,2020-08-31,09:31:36,22000.0,0.145578231292517,3202.7210884353744,21900.0,0.22,21800.0,1.0,21700.0,1.0,21600.0,1,21500.0,1.0,21400.0,1.0,21300.0,1.0,21200.0,1.0,21100.0,1.0,21000.0,1.0,22000.0,1.0,22100.0,1.0,22200.0,1.0,22300.0,1.0,22400.0,1.0,22500.0,1.0,22600.0,1.0,22700.0,1.0,22800.0,1.0,22900.0,1.0
000629.SZ,2020-08-31,09:31:37,22000.0,0.0204081632653061,446.938775510204,21900.0,0.28,21800.0,1.0,21700.0,1.0,21600.0,1,21500.0,1.0,21400.0,1.0,21300.0,1.0,21200.0,1.0,21100.0,1.0,21000.0,1.0,22000.0,1.0,22100.0,1.0,22200.0,1.0,22300.0,1.0,22400.0,1.0,22500.0,1.0,22600.0,1.0,22700.0,1.0,22800.0,1.0,22900.0,1.0
000629.SZ,2020-08-31,09:31:38,21900.0,0.0680272108843537,1489.795918367347,21900.0,0.19,21800.0,1.0,21700.0,1.0,21600.0,1,21500.0,1.0,21400.0,1.0,21300.0,1.0,21200.0,1.0,21100.0,1.0,21000.0,1.0,22000.0,1.0,22100.0,1.0,22200.0,1.0,22300.0,1.0,22400.0,1.0,22500.0,1.0,22600.0,1.0,22700.0,1.0,22800.0,1.0,22900.0,1.0
000629.SZ,2020-08-31,09:31:39,21900.0,0.0598639455782312,1315.2108843537414,21900.0,0.2,21800.0,1.0,21700.0,1.0,21600.0,1,21500.0,1.0,21400.0,1.0,21300.0,1.0,21200.0,1.0,21100.0,1.0,21000.0,1.0,22000.0,1.0,22100.0,1.0,22200.0,1.0,22300.0,1.0,22400.0,1.0,22500.0,1.0,22600.0,1.0,22700.0,1.0,22800.0,1.0,22900.0,1.0
000629.SZ,2020-08-31,09:31:40,22000.0,0.0,0.0,21900.0,0.2,21800.0,1.0,21700.0,1.0,21600.0,1,21500.0,1.0,21400.0,1.0,21300.0,1.0,21200.0,1.0,21100.0,1.0,21000.0,1.0,22000.0,1.0,22100.0,1.0,22200.0,1.0,22300.0,1.0,22400.0,1.0,22500.0,1.0,22600.0,1.0,22700.0,1.0,22800.0,1.0,22900.0,1.0
000629.SZ,2020-08-31,09:31:41,22000.0,0.0,0.0,21900.0,0.2,21800.0,1.0,21700.0,1.0,21600.0,1,21500.0,1.0,21400.0,1.0,21300.0,1.0,21200.0,1.0,21100.0,1.0,21000.0,1.0,22000.0,1.0,22100.0,1.0,22200.0,1.0,22300.0,1.0,22400.0,1.0,22500.0,1.0,22600.0,1.0,22700.0,1.0,22800.0,1.0,22900.0,1.0
000629.SZ,2020-08-31,09:31:42,22000.0,0.0,0.0,21900.0,0.2,21800.0,1.0,21700.0,1.0,21600.0,1,21500.0,1.0,21400.0,1.0,21300.0,1.0,21200.0,1.0,21100.0,1.0,21000.0,1.0,22000.0,1.0,22100.0,1.0,22200.0,1.0,22300.0,1.0,22400.0,1.0,22500.0,1.0,22600.0,1.0,22700.0,1.0,22800.0,1.0,22900.0,1.0
000629.SZ,2020-08-31,09:31:43,22000.0,0.0408163265306122,897.9591836734693,21900.0,0.38,21800.0,1.0,21700.0,1.0,21600.0,1,21500.0,1.0,21400.0,1.0,21300.0,1.0,21200.0,1.0,21100.0,1.0,21000.0,1.0,22000.0,1.0,22100.0,1.0,22200.0,1.0,22300.0,1.0,22400.0,1.0,22500.0,1.0,22600.0,1.0,22700.0,1.0,22800.0,1.0,22900.0,1.0
000629.SZ,2020-08-31,09:31:44,22000.0,0.0,0.0,21900.0,0.38,21800.0,1.0,21700.0,1.0,21600.0,1,21500.0,1.0,21400.0,1.0,21300.0,1.0,21200.0,1.0,21100.0,1.0,21000.0,1.0,22000.0,1.0,22100.0,1.0,22200.0,1.0,22300.0,1.0,22400.0,1.0,22500.0,1.0,22600.0,1.0,22700.0,1.0,22800.0,1.0,22900.0,1.0
000629.SZ,2020-08-31,09:31:45,22000.0,0.0,0.0,21900.0,0.38,21800.0,1.0,21700.0,1.0,21600.0,1,21500.0,1.0,21400.0,1.0,21300.0,1.0,21200.0,1.0,21100.0,1.0,21000.0,1.0,22000.0,1.0,22100.0,1.0,22200.0,1.0,22300.0,1.0,22400.0,1.0,22500.0,1.0,22600.0,1.0,22700.0,1.0,22800.0,1.0,22900.0,1.0
000629.SZ,2020-08-31,09:31:46,22000.0,0.0,0.0,21900.0,0.38,21800.0,1.0,21700.0,1.0,21600.0,1,21500.0,1.0,21400.0,1.0,21300.0,1.0,21200.0,1.0,21100.0,1.0,21000.0,1.0,22000.0,1.0,22100.0,1.0,22200.0,1.0,22300.0,1.0,22400.0,1.0,22500.0,1.0,22600.0,1.0,22700.0,1.0,22800.0,1.0,22900.0,1.0
000629.SZ,2020-08-31,09:31:47,22000.0,0.0,0.0,21900.0,0.38,21800.0,1.0,21700.0,1.0,21600.0,1,21500.0,1.0,21400.0,1.0,21300.0,1.0,21200.0,1.0,21100.0,1.0,21000.0,1.0,22000.0,1.0,22100.0,1.0,22200.0,1.0,22300.0,1.0,22400.0,1.0,22500.0,1.0,22600.0,1.0,22700.0,1.0,22800.0,1.0,22900.0,1.0
000629.SZ,2020-08-31,09:31:48,22000.0,0.1428571428571428,3142.8571428571427,21900.0,0.38,21800.0,1.0,21700.0,1.0,21600.0,1,21500.0,1.0,21400.0,1.0,21300.0,1.0,21200.0,1.0,21100.0,1.0,21000.0,1.0,22000.0,1.0,22100.0,1.0,22200.0,1.0,22300.0,1.0,22400.0,1.0,22500.0,1.0,22600.0,1.0,22700.0,1.0,22800.0,1.0,22900.0,1.0
000629.SZ,2020-08-31,09:31:49,22000.0,0.0,0.0,21900.0,0.38,21800.0,1.0,21700.0,1.0,21600.0,1,21500.0,1.0,21400.0,1.0,21300.0,1.0,21200.0,1.0,21100.0,1.0,21000.0,1.0,22000.0,1.0,22100.0,1.0,22200.0,1.0,22300.0,1.0,22400.0,1.0,22500.0,1.0,22600.0,1.0,22700.0,1.0,22800.0,1.0,22900.0,1.0
000629.SZ,2020-08-31,09:31:50,22000.0,0.0,0.0,21900.0,0.38,21800.0,1.0,21700.0,1.0,21600.0,1,21500.0,1.0,21400.0,1.0,21300.0,1.0,21200.0,1.0,21100.0,1.0,21000.0,1.0,22000.0,1.0,22100.0,1.0,22200.0,1.0,22300.0,1.0,22400.0,1.0,22500.0,1.0,22600.0,1.0,22700.0,1.0,22800.0,1.0,22900.0,1.0
000629.SZ,2020-08-31,09:31:51,22000.0,0.0,0.0,21900.0,0.38,21800.0,1.0,21700.0,1.0,21600.0,1,21500.0,1.0,21400.0,1.0,21300.0,1.0,21200.0,1.0,21100.0,1.0,21000.0,1.0,22000.0,1.0,22100.0,1.0,22200.0,1.0,22300.0,1.0,22400.0,1.0,22500.0,1.0,22600.0,1.0,22700.0,1.0,22800.0,1.0,22900.0,1.0
000629.SZ,2020-08-31,09:31:52,22000.0,0.0,0.0,21900.0,0.38,21800.0,1.0,21700.0,1.0,21600.0,1,21500.0,1.0,21400.0,1.0,21300.0,1.0,21200.0,1.0,21100.0,1.0,21000.0,1.0,22000.0,1.0,22100.0,1.0,22200.0,1.0,22300.0,1.0,22400.0,1.0,22500.0,1.0,22600.0,1.0,22700.0,1.0,22800.0,1.0,22900.0,1.0
000629.SZ,2020-08-31,09:31:53,22000.0,0.0,0.0,21900.0,0.38,21800.0,1.0,21700.0,1.0,21600.0,1,21500.0,1.0,21400.0,1.0,21300.0,1.0,21200.0,1.0,21100.0,1.0,21000.0,1.0,22000.0,1.0,22100.0,1.0,22200.0,1.0,22300.0,1.0,22400.0,1.0,22500.0,1.0,22600.0,1.0,22700.0,1.0,22800.0,1.0,22900.0,1.0
000629.SZ,2020-08-31,09:31:54,22000.0,0.0,0.0,21900.0,0.38,21800.0,1.0,21700.0,1.0,21600.0,1,21500.0,1.0,21400.0,1.0,21300.0,1.0,21200.0,1.0,21100.0,1.0,21000.0,1.0,22000.0,1.0,22100.0,1.0,22200.0,1.0,22300.0,1.0,22400.0,1.0,22500.0,1.0,22600.0,1.0,22700.0,1.0,22800.0,1.0,22900.0,1.0
000629.SZ,2020-08-31,09:31:55,22000.0,0.0272108843537414,595.9183673469388,21900.0,0.34,21800.0,1.0,21700.0,1.0,21600.0,1,21500.0,1.0,21400.0,1.0,21300.0,1.0,21200.0,1.0,21100.0,1.0,21000.0,1.0,22000.0,1.0,22100.0,1.0,22200.0,1.0,22300.0,1.0,22400.0,1.0,22500.0,1.0,22600.0,1.0,22700.0,1.0,22800.0,1.0,22900.0,1.0
000629.SZ,2020-08-31,09:31:56,21900.0,0.2571428571428571,5631.428571428571,21800.0,1.0,21700.0,1.0,21600.0,1.0,21500.0,1,21400.0,1.0,21300.0,1.0,21200.0,1.0,21100.0,1.0,21000.0,1.0,20900.0,1.0,21900.0,0.31,22000.0,1.0,22100.0,1.0,22200.0,1.0,22300.0,1.0,22400.0,1.0,22500.0,1.0,22600.0,1.0,22700.0,1.0,22800.0,1.0
000629.SZ,2020-08-31,09:31:57,21900.0,0.1360544217687075,2979.591836734694,21800.0,1.0,21700.0,1.0,21600.0,1.0,21500.0,1,21400.0,1.0,21300.0,1.0,21200.0,1.0,21100.0,1.0,21000.0,1.0,20900.0,1.0,21900.0,0.13,22000.0,1.0,22100.0,1.0,22200.0,1.0,22300.0,1.0,22400.0,1.0,22500.0,1.0,22600.0,1.0,22700.0,1.0,22800.0,1.0
000629.SZ,2020-08-31,09:31:58,21900.0,0.0,0.0,21800.0,1.0,21700.0,1.0,21600.0,1.0,21500.0,1,21400.0,1.0,21300.0,1.0,21200.0,1.0,21100.0,1.0,21000.0,1.0,20900.0,1.0,21900.0,0.14,22000.0,1.0,22100.0,1.0,22200.0,1.0,22300.0,1.0,22400.0,1.0,22500.0,1.0,22600.0,1.0,22700.0,1.0,22800.0,1.0
000629.SZ,2020-08-31,09:31:59,21900.0,0.0,0.0,21800.0,1.0,21700.0,1.0,21600.0,1.0,21500.0,1,21400.0,1.0,21300.0,1.0,21200.0,1.0,21100.0,1.0,21000.0,1.0,20900.0,1.0,21900.0,0.14,22000.0,1.0,22100.0,1.0,22200.0,1.0,22300.0,1.0,22400.0,1.0,22500.0,1.0,22600.0,1.0,22700.0,1.0,22800.0,1.0
000629.SZ,2020-08-31,09:32:00,21900.0,0.0,0.0,21800.0,1.0,21700.0,1.0,21600.0,1.0,21500.0,1,21400.0,1.0,21300.0,1.0,21200.0,1.0,21100.0,1.0,21000.0,1.0,20900.0,1.0,21900.0,0.14,22000.0,1.0,22100.0,1.0,22200.0,1.0,22300.0,1.0,22400.0,1.0,22500.0,1.0,22600.0,1.0,22700.0,1.0,22800.0,1.0
000629.SZ,2020-08-31,09:32:01,21900.0,0.1034013605442176,2264.4897959183672,21900.0,0.04,21800.0,1.0,21700.0,1.0,21600.0,1,21500.0,1.0,21400.0,1.0,21300.0,1.0,21200.0,1.0,21100.0,1.0,21000.0,1.0,22000.0,1.0,22100.0,1.0,22200.0,1.0,22300.0,1.0,22400.0,1.0,22500.0,1.0,22600.0,1.0,22700.0,1.0,22800.0,1.0,22900.0,1.0
000629.SZ,2020-08-31,09:32:02,21900.0,0.0,0.0,21900.0,0.04,21800.0,1.0,21700.0,1.0,21600.0,1,21500.0,1.0,21400.0,1.0,21300.0,1.0,21200.0,1.0,21100.0,1.0,21000.0,1.0,22000.0,1.0,22100.0,1.0,22200.0,1.0,22300.0,1.0,22400.0,1.0,22500.0,1.0,22600.0,1.0,22700.0,1.0,22800.0,1.0,22900.0,1.0
000629.SZ,2020-08-31,09:32:03,21900.0,0.073469387755102,1604.865306122449,21900.0,0.26,21800.0,1.0,21700.0,1.0,21600.0,1,21500.0,1.0,21400.0,1.0,21300.0,1.0,21200.0,1.0,21100.0,1.0,21000.0,1.0,22000.0,1.0,22100.0,1.0,22200.0,1.0,22300.0,1.0,22400.0,1.0,22500.0,1.0,22600.0,1.0,22700.0,1.0,22800.0,1.0,22900.0,1.0
000629.SZ,2020-08-31,09:32:04,21800.0,0.0,0.0,21900.0,0.27,21800.0,1.0,21700.0,1.0,21600.0,1,21500.0,1.0,21400.0,1.0,21300.0,1.0,21200.0,1.0,21100.0,1.0,21000.0,1.0,22000.0,1.0,22100.0,1.0,22200.0,1.0,22300.0,1.0,22400.0,1.0,22500.0,1.0,22600.0,1.0,22700.0,1.0,22800.0,1.0,22900.0,1.0
000629.SZ,2020-08-31,09:32:05,21800.0,0.2040816326530612,4469.3877551020405,21800.0,1.0,21700.0,1.0,21600.0,1.0,21500.0,1,21400.0,1.0,21300.0,1.0,21200.0,1.0,21100.0,1.0,21000.0,1.0,20900.0,1.0,21900.0,0.56,22000.0,1.0,22100.0,1.0,22200.0,1.0,22300.0,1.0,22400.0,1.0,22500.0,1.0,22600.0,1.0,22700.0,1.0,22800.0,1.0
000629.SZ,2020-08-31,09:32:06,21900.0,0.0680272108843537,1489.795918367347,21800.0,1.0,21700.0,1.0,21600.0,1.0,21500.0,1,21400.0,1.0,21300.0,1.0,21200.0,1.0,21100.0,1.0,21000.0,1.0,20900.0,1.0,21900.0,0.47,22000.0,1.0,22100.0,1.0,22200.0,1.0,22300.0,1.0,22400.0,1.0,22500.0,1.0,22600.0,1.0,22700.0,1.0,22800.0,1.0
000629.SZ,2020-08-31,09:32:07,21900.0,0.0489795918367346,1072.6530612244896,21800.0,1.0,21700.0,1.0,21600.0,1.0,21500.0,1,21400.0,1.0,21300.0,1.0,21200.0,1.0,21100.0,1.0,21000.0,1.0,20900.0,1.0,21900.0,0.41,22000.0,1.0,22100.0,1.0,22200.0,1.0,22300.0,1.0,22400.0,1.0,22500.0,1.0,22600.0,1.0,22700.0,1.0,22800.0,1.0
000629.SZ,2020-08-31,09:32:08,21900.0,0.238095238095238,5214.285714285714,21800.0,1.0,21700.0,1.0,21600.0,1.0,21500.0,1,21400.0,1.0,21300.0,1.0,21200.0,1.0,21100.0,1.0,21000.0,1.0,20900.0,1.0,21900.0,0.09,22000.0,1.0,22100.0,1.0,22200.0,1.0,22300.0,1.0,22400.0,1.0,22500.0,1.0,22600.0,1.0,22700.0,1.0,22800.0,1.0
000629.SZ,2020-08-31,09:32:09,21900.0,0.0,0.0,21800.0,1.0,21700.0,1.0,21600.0,1.0,21500.0,1,21400.0,1.0,21300.0,1.0,21200.0,1.0,21100.0,1.0,21000.0,1.0,20900.0,1.0,21900.0,0.09,22000.0,1.0,22100.0,1.0,22200.0,1.0,22300.0,1.0,22400.0,1.0,22500.0,1.0,22600.0,1.0,22700.0,1.0,22800.0,1.0
000629.SZ,2020-08-31,09:32:10,21900.0,0.0748299319727891,1638.7755102040817,21900.0,0.24,21800.0,1.0,21700.0,1.0,21600.0,1,21500.0,1.0,21400.0,1.0,21300.0,1.0,21200.0,1.0,21100.0,1.0,21000.0,1.0,22000.0,1.0,22100.0,1.0,22200.0,1.0,22300.0,1.0,22400.0,1.0,22500.0,1.0,22600.0,1.0,22700.0,1.0,22800.0,1.0,22900.0,1.0
000629.SZ,2020-08-31,09:32:11,21900.0,0.0,0.0,21900.0,0.33,21800.0,1.0,21700.0,1.0,21600.0,1,21500.0,1.0,21400.0,1.0,21300.0,1.0,21200.0,1.0,21100.0,1.0,21000.0,1.0,22000.0,1.0,22100.0,1.0,22200.0,1.0,22300.0,1.0,22400.0,1.0,22500.0,1.0,22600.0,1.0,22700.0,1.0,22800.0,1.0,22900.0,1.0
000629.SZ,2020-08-31,09:32:12,21900.0,0.145578231292517,3202.7210884353744,21900.0,0.33,21800.0,1.0,21700.0,1.0,21600.0,1,21500.0,1.0,21400.0,1.0,21300.0,1.0,21200.0,1.0,21100.0,1.0,21000.0,1.0,22000.0,1.0,22100.0,1.0,22200.0,1.0,22300.0,1.0,22400.0,1.0,22500.0,1.0,22600.0,1.0,22700.0,1.0,22800.0,1.0,22900.0,1.0
000629.SZ,2020-08-31,09:32:13,22000.0,0.0,0.0,21900.0,0.33,21800.0,1.0,21700.0,1.0,21600.0,1,21500.0,1.0,21400.0,1.0,21300.0,1.0,21200.0,1.0,21100.0,1.0,21000.0,1.0,22000.0,1.0,22100.0,1.0,22200.0,1.0,22300.0,1.0,22400.0,1.0,22500.0,1.0,22600.0,1.0,22700.0,1.0,22800.0,1.0,22900.0,1.0
000629.SZ,2020-08-31,09:32:14,22000.0,0.0,0.0,21900.0,0.33,21800.0,1.0,21700.0,1.0,21600.0,1,21500.0,1.0,21400.0,1.0,21300.0,1.0,21200.0,1.0,21100.0,1.0,21000.0,1.0,22000.0,1.0,22100.0,1.0,22200.0,1.0,22300.0,1.0,22400.0,1.0,22500.0,1.0,22600.0,1.0,22700.0,1.0,22800.0,1.0,22900.0,1.0
000629.SZ,2020-08-31,09:32:15,22000.0,0.0,0.0,21900.0,0.33,21800.0,1.0,21700.0,1.0,21600.0,1,21500.0,1.0,21400.0,1.0,21300.0,1.0,21200.0,1.0,21100.0,1.0,21000.0,1.0,22000.0,1.0,22100.0,1.0,22200.0,1.0,22300.0,1.0,22400.0,1.0,22500.0,1.0,22600.0,1.0,22700.0,1.0,22800.0,1.0,22900.0,1.0
000629.SZ,2020-08-31,09:32:16,22000.0,0.0,0.0,21900.0,0.33,21800.0,1.0,21700.0,1.0,21600.0,1,21500.0,1.0,21400.0,1.0,21300.0,1.0,21200.0,1.0,21100.0,1.0,21000.0,1.0,22000.0,1.0,22100.0,1.0,22200.0,1.0,22300.0,1.0,22400.0,1.0,22500.0,1.0,22600.0,1.0,22700.0,1.0,22800.0,1.0,22900.0,1.0
000629.SZ,2020-08-31,09:32:17,22000.0,0.0,0.0,21900.0,0.33,21800.0,1.0,21700.0,1.0,21600.0,1,21500.0,1.0,21400.0,1.0,21300.0,1.0,21200.0,1.0,21100.0,1.0,21000.0,1.0,22000.0,1.0,22100.0,1.0,22200.0,1.0,22300.0,1.0,22400.0,1.0,22500.0,1.0,22600.0,1.0,22700.0,1.0,22800.0,1.0,22900.0,1.0
000629.SZ,2020-08-31,09:32:18,22000.0,0.0,0.0,21900.0,0.33,21800.0,1.0,21700.0,1.0,21600.0,1,21500.0,1.0,21400.0,1.0,21300.0,1.0,21200.0,1.0,21100.0,1.0,21000.0,1.0,22000.0,1.0,22100.0,1.0,22200.0,1.0,22300.0,1.0,22400.0,1.0,22500.0,1.0,22600.0,1.0,22700.0,1.0,22800.0,1.0,22900.0,1.0
000629.SZ,2020-08-31,09:32:19,22000.0,0.0,0.0,21900.0,0.33,21800.0,1.0,21700.0,1.0,21600.0,1,21500.0,1.0,21400.0,1.0,21300.0,1.0,21200.0,1.0,21100.0,1.0,21000.0,1.0,22000.0,1.0,22100.0,1.0,22200.0,1.0,22300.0,1.0,22400.0,1.0,22500.0,1.0,22600.0,1.0,22700.0,1.0,22800.0,1.0,22900.0,1.0
000629.SZ,2020-08-31,09:32:20,22000.0,0.0054421768707482,119.18367346938774,21900.0,0.33,21800.0,1.0,21700.0,1.0,21600.0,1,21500.0,1.0,21400.0,1.0,21300.0,1.0,21200.0,1.0,21100.0,1.0,21000.0,1.0,22000.0,1.0,22100.0,1.0,22200.0,1.0,22300.0,1.0,22400.0,1.0,22500.0,1.0,22600.0,1.0,22700.0,1.0,22800.0,1.0,22900.0,1.0
000629.SZ,2020-08-31,09:32:21,21900.0,0.0,0.0,21900.0,0.33,21800.0,1.0,21700.0,1.0,21600.0,1,21500.0,1.0,21400.0,1.0,21300.0,1.0,21200.0,1.0,21100.0,1.0,21000.0,1.0,22000.0,1.0,22100.0,1.0,22200.0,1.0,22300.0,1.0,22400.0,1.0,22500.0,1.0,22600.0,1.0,22700.0,1.0,22800.0,1.0,22900.0,1.0
000629.SZ,2020-08-31,09:32:22,21900.0,0.0,0.0,21900.0,0.33,21800.0,1.0,21700.0,1.0,21600.0,1,21500.0,1.0,21400.0,1.0,21300.0,1.0,21200.0,1.0,21100.0,1.0,21000.0,1.0,22000.0,1.0,22100.0,1.0,22200.0,1.0,22300.0,1.0,22400.0,1.0,22500.0,1.0,22600.0,1.0,22700.0,1.0,22800.0,1.0,22900.0,1.0
000629.SZ,2020-08-31,09:32:23,21900.0,0.0,0.0,21900.0,0.33,21800.0,1.0,21700.0,1.0,21600.0,1,21500.0,1.0,21400.0,1.0,21300.0,1.0,21200.0,1.0,21100.0,1.0,21000.0,1.0,22000.0,1.0,22100.0,1.0,22200.0,1.0,22300.0,1.0,22400.0,1.0,22500.0,1.0,22600.0,1.0,22700.0,1.0,22800.0,1.0,22900.0,1.0
000629.SZ,2020-08-31,09:32:24,21900.0,0.0,0.0,21900.0,0.33,21800.0,1.0,21700.0,1.0,21600.0,1,21500.0,1.0,21400.0,1.0,21300.0,1.0,21200.0,1.0,21100.0,1.0,21000.0,1.0,22000.0,1.0,22100.0,1.0,22200.0,1.0,22300.0,1.0,22400.0,1.0,22500.0,1.0,22600.0,1.0,22700.0,1.0,22800.0,1.0,22900.0,1.0
000629.SZ,2020-08-31,09:32:25,21900.0,0.0,0.0,21900.0,0.33,21800.0,1.0,21700.0,1.0,21600.0,1,21500.0,1.0,21400.0,1.0,21300.0,1.0,21200.0,1.0,21100.0,1.0,21000.0,1.0,22000.0,1.0,22100.0,1.0,22200.0,1.0,22300.0,1.0,22400.0,1.0,22500.0,1.0,22600.0,1.0,22700.0,1.0,22800.0,1.0,22900.0,1.0
000629.SZ,2020-08-31,09:32:26,21900.0,0.0,0.0,21900.0,0.33,21800.0,1.0,21700.0,1.0,21600.0,1,21500.0,1.0,21400.0,1.0,21300.0,1.0,21200.0,1.0,21100.0,1.0,21000.0,1.0,22000.0,1.0,22100.0,1.0,22200.0,1.0,22300.0,1.0,22400.0,1.0,22500.0,1.0,22600.0,1.0,22700.0,1.0,22800.0,1.0,22900.0,1.0
000629.SZ,2020-08-31,09:32:27,21900.0,0.0421768707482993,927.891156462585,21900.0,0.33,21800.0,1.0,21700.0,1.0,21600.0,1,21500.0,1.0,21400.0,1.0,21300.0,1.0,21200.0,1.0,21100.0,1.0,21000.0,1.0,22000.0,1.0,22100.0,1.0,22200.0,1.0,22300.0,1.0,22400.0,1.0,22500.0,1.0,22600.0,1.0,22700.0,1.0,22800.0,1.0,22900.0,1.0
000629.SZ,2020-08-31,09:32:28,22000.0,0.0,0.0,21900.0,0.33,21800.0,1.0,21700.0,1.0,21600.0,1,21500.0,1.0,21400.0,1.0,21300.0,1.0,21200.0,1.0,21100.0,1.0,21000.0,1.0,22000.0,1.0,22100.0,1.0,22200.0,1.0,22300.0,1.0,22400.0,1.0,22500.0,1.0,22600.0,1.0,22700.0,1.0,22800.0,1.0,22900.0,1.0
000629.SZ,2020-08-31,09:32:29,22000.0,0.0,0.0,21900.0,0.33,21800.0,1.0,21700.0,1.0,21600.0,1,21500.0,1.0,21400.0,1.0,21300.0,1.0,21200.0,1.0,21100.0,1.0,21000.0,1.0,22000.0,1.0,22100.0,1.0,22200.0,1.0,22300.0,1.0,22400.0,1.0,22500.0,1.0,22600.0,1.0,22700.0,1.0,22800.0,1.0,22900.0,1.0
000629.SZ,2020-08-31,09:32:30,22000.0,0.0,0.0,21900.0,0.33,21800.0,1.0,21700.0,1.0,21600.0,1,21500.0,1.0,21400.0,1.0,21300.0,1.0,21200.0,1.0,21100.0,1.0,21000.0,1.0,22000.0,1.0,22100.0,1.0,22200.0,1.0,22300.0,1.0,22400.0,1.0,22500.0,1.0,22600.0,1.0,22700.0,1.0,22800.0,1.0,22900.0,1.0
000629.SZ,2020-08-31,09:32:31,22000.0,0.0408163265306122,893.8775510204081,21900.0,0.27,21800.0,1.0,21700.0,1.0,21600.0,1,21500.0,1.0,21400.0,1.0,21300.0,1.0,21200.0,1.0,21100.0,1.0,21000.0,1.0,22000.0,1.0,22100.0,1.0,22200.0,1.0,22300.0,1.0,22400.0,1.0,22500.0,1.0,22600.0,1.0,22700.0,1.0,22800.0,1.0,22900.0,1.0
000629.SZ,2020-08-31,09:32:32,21900.0,0.0,0.0,21900.0,0.27,21800.0,1.0,21700.0,1.0,21600.0,1,21500.0,1.0,21400.0,1.0,21300.0,1.0,21200.0,1.0,21100.0,1.0,21000.0,1.0,22000.0,1.0,22100.0,1.0,22200.0,1.0,22300.0,1.0,22400.0,1.0,22500.0,1.0,22600.0,1.0,22700.0,1.0,22800.0,1.0,22900.0,1.0
000629.SZ,2020-08-31,09:32:33,21900.0,0.0,0.0,21900.0,0.31,21800.0,1.0,21700.0,1.0,21600.0,1,21500.0,1.0,21400.0,1.0,21300.0,1.0,21200.0,1.0,21100.0,1.0,21000.0,1.0,22000.0,1.0,22100.0,1.0,22200.0,1.0,22300.0,1.0,22400.0,1.0,22500.0,1.0,22600.0,1.0,22700.0,1.0,22800.0,1.0,22900.0,1.0
000629.SZ,2020-08-31,09:32:34,21900.0,0.0258503401360544,566.1224489795918,21900.0,0.27,21800.0,1.0,21700.0,1.0,21600.0,1,21500.0,1.0,21400.0,1.0,21300.0,1.0,21200.0,1.0,21100.0,1.0,21000.0,1.0,22000.0,1.0,22100.0,1.0,22200.0,1.0,22300.0,1.0,22400.0,1.0,22500.0,1.0,22600.0,1.0,22700.0,1.0,22800.0,1.0,22900.0,1.0
000629.SZ,2020-08-31,09:32:35,21900.0,0.0,0.0,21900.0,0.27,21800.0,1.0,21700.0,1.0,21600.0,1,21500.0,1.0,21400.0,1.0,21300.0,1.0,21200.0,1.0,21100.0,1.0,21000.0,1.0,22000.0,1.0,22100.0,1.0,22200.0,1.0,22300.0,1.0,22400.0,1.0,22500.0,1.0,22600.0,1.0,22700.0,1.0,22800.0,1.0,22900.0,1.0
000629.SZ,2020-08-31,09:32:36,21900.0,0.0,0.0,21900.0,0.13,21800.0,1.0,21700.0,1.0,21600.0,1,21500.0,1.0,21400.0,1.0,21300.0,1.0,21200.0,1.0,21100.0,1.0,21000.0,1.0,22000.0,1.0,22100.0,1.0,22200.0,1.0,22300.0,1.0,22400.0,1.0,22500.0,1.0,22600.0,1.0,22700.0,1.0,22800.0,1.0,22900.0,1.0
000629.SZ,2020-08-31,09:32:37,21900.0,0.1115646258503401,2454.421768707483,21900.0,0.13,21800.0,1.0,21700.0,1.0,21600.0,1,21500.0,1.0,21400.0,1.0,21300.0,1.0,21200.0,1.0,21100.0,1.0,21000.0,1.0,22000.0,1.0,22100.0,1.0,22200.0,1.0,22300.0,1.0,22400.0,1.0,22500.0,1.0,22600.0,1.0,22700.0,1.0,22800.0,1.0,22900.0,1.0
000629.SZ,2020-08-31,09:32:38,22000.0,0.0,0.0,21900.0,0.28,21800.0,1.0,21700.0,1.0,21600.0,1,21500.0,1.0,21400.0,1.0,21300.0,1.0,21200.0,1.0,21100.0,1.0,21000.0,1.0,22000.0,1.0,22100.0,1.0,22200.0,1.0,22300.0,1.0,22400.0,1.0,22500.0,1.0,22600.0,1.0,22700.0,1.0,22800.0,1.0,22900.0,1.0
000629.SZ,2020-08-31,09:32:39,22000.0,0.0,0.0,21900.0,0.28,21800.0,1.0,21700.0,1.0,21600.0,1,21500.0,1.0,21400.0,1.0,21300.0,1.0,21200.0,1.0,21100.0,1.0,21000.0,1.0,22000.0,1.0,22100.0,1.0,22200.0,1.0,22300.0,1.0,22400.0,1.0,22500.0,1.0,22600.0,1.0,22700.0,1.0,22800.0,1.0,22900.0,1.0
000629.SZ,2020-08-31,09:32:40,22000.0,0.0,0.0,21900.0,0.28,21800.0,1.0,21700.0,1.0,21600.0,1,21500.0,1.0,21400.0,1.0,21300.0,1.0,21200.0,1.0,21100.0,1.0,21000.0,1.0,22000.0,1.0,22100.0,1.0,22200.0,1.0,22300.0,1.0,22400.0,1.0,22500.0,1.0,22600.0,1.0,22700.0,1.0,22800.0,1.0,22900.0,1.0
000629.SZ,2020-08-31,09:32:41,22000.0,0.0,0.0,21900.0,0.28,21800.0,1.0,21700.0,1.0,21600.0,1,21500.0,1.0,21400.0,1.0,21300.0,1.0,21200.0,1.0,21100.0,1.0,21000.0,1.0,22000.0,1.0,22100.0,1.0,22200.0,1.0,22300.0,1.0,22400.0,1.0,22500.0,1.0,22600.0,1.0,22700.0,1.0,22800.0,1.0,22900.0,1.0
000629.SZ,2020-08-31,09:32:42,22000.0,0.0,0.0,21900.0,0.28,21800.0,1.0,21700.0,1.0,21600.0,1,21500.0,1.0,21400.0,1.0,21300.0,1.0,21200.0,1.0,21100.0,1.0,21000.0,1.0,22000.0,1.0,22100.0,1.0,22200.0,1.0,22300.0,1.0,22400.0,1.0,22500.0,1.0,22600.0,1.0,22700.0,1.0,22800.0,1.0,22900.0,1.0
000629.SZ,2020-08-31,09:32:43,22000.0,0.0,0.0,21900.0,0.28,21800.0,1.0,21700.0,1.0,21600.0,1,21500.0,1.0,21400.0,1.0,21300.0,1.0,21200.0,1.0,21100.0,1.0,21000.0,1.0,22000.0,1.0,22100.0,1.0,22200.0,1.0,22300.0,1.0,22400.0,1.0,22500.0,1.0,22600.0,1.0,22700.0,1.0,22800.0,1.0,22900.0,1.0
000629.SZ,2020-08-31,09:32:44,22000.0,0.0,0.0,21900.0,0.28,21800.0,1.0,21700.0,1.0,21600.0,1,21500.0,1.0,21400.0,1.0,21300.0,1.0,21200.0,1.0,21100.0,1.0,21000.0,1.0,22000.0,1.0,22100.0,1.0,22200.0,1.0,22300.0,1.0,22400.0,1.0,22500.0,1.0,22600.0,1.0,22700.0,1.0,22800.0,1.0,22900.0,1.0
000629.SZ,2020-08-31,09:32:45,22000.0,0.0,0.0,21900.0,0.28,21800.0,1.0,21700.0,1.0,21600.0,1,21500.0,1.0,21400.0,1.0,21300.0,1.0,21200.0,1.0,21100.0,1.0,21000.0,1.0,22000.0,1.0,22100.0,1.0,22200.0,1.0,22300.0,1.0,22400.0,1.0,22500.0,1.0,22600.0,1.0,22700.0,1.0,22800.0,1.0,22900.0,1.0
000629.SZ,2020-08-31,09:32:46,22000.0,0.0,0.0,21900.0,0.28,21800.0,1.0,21700.0,1.0,21600.0,1,21500.0,1.0,21400.0,1.0,21300.0,1.0,21200.0,1.0,21100.0,1.0,21000.0,1.0,22000.0,1.0,22100.0,1.0,22200.0,1.0,22300.0,1.0,22400.0,1.0,22500.0,1.0,22600.0,1.0,22700.0,1.0,22800.0,1.0,22900.0,1.0
000629.SZ,2020-08-31,09:32:47,22000.0,0.0,0.0,21900.0,0.28,21800.0,1.0,21700.0,1.0,21600.0,1,21500.0,1.0,21400.0,1.0,21300.0,1.0,21200.0,1.0,21100.0,1.0,21000.0,1.0,22000.0,1.0,22100.0,1.0,22200.0,1.0,22300.0,1.0,22400.0,1.0,22500.0,1.0,22600.0,1.0,22700.0,1.0,22800.0,1.0,22900.0,1.0
000629.SZ,2020-08-31,09:32:48,22000.0,0.0,0.0,21900.0,0.28,21800.0,1.0,21700.0,1.0,21600.0,1,21500.0,1.0,21400.0,1.0,21300.0,1.0,21200.0,1.0,21100.0,1.0,21000.0,1.0,22000.0,1.0,22100.0,1.0,22200.0,1.0,22300.0,1.0,22400.0,1.0,22500.0,1.0,22600.0,1.0,22700.0,1.0,22800.0,1.0,22900.0,1.0
000629.SZ,2020-08-31,09:32:49,22000.0,0.0,0.0,21900.0,0.28,21800.0,1.0,21700.0,1.0,21600.0,1,21500.0,1.0,21400.0,1.0,21300.0,1.0,21200.0,1.0,21100.0,1.0,21000.0,1.0,22000.0,1.0,22100.0,1.0,22200.0,1.0,22300.0,1.0,22400.0,1.0,22500.0,1.0,22600.0,1.0,22700.0,1.0,22800.0,1.0,22900.0,1.0
000629.SZ,2020-08-31,09:32:50,22000.0,0.0,0.0,21900.0,0.28,21800.0,1.0,21700.0,1.0,21600.0,1,21500.0,1.0,21400.0,1.0,21300.0,1.0,21200.0,1.0,21100.0,1.0,21000.0,1.0,22000.0,1.0,22100.0,1.0,22200.0,1.0,22300.0,1.0,22400.0,1.0,22500.0,1.0,22600.0,1.0,22700.0,1.0,22800.0,1.0,22900.0,1.0
000629.SZ,2020-08-31,09:32:51,22000.0,0.0,0.0,21900.0,0.39,21800.0,1.0,21700.0,1.0,21600.0,1,21500.0,1.0,21400.0,1.0,21300.0,1.0,21200.0,1.0,21100.0,1.0,21000.0,1.0,22000.0,1.0,22100.0,1.0,22200.0,1.0,22300.0,1.0,22400.0,1.0,22500.0,1.0,22600.0,1.0,22700.0,1.0,22800.0,1.0,22900.0,1.0
000629.SZ,2020-08-31,09:32:52,22000.0,0.0,0.0,21900.0,0.48,21800.0,1.0,21700.0,1.0,21600.0,1,21500.0,1.0,21400.0,1.0,21300.0,1.0,21200.0,1.0,21100.0,1.0,21000.0,1.0,22000.0,1.0,22100.0,1.0,22200.0,1.0,22300.0,1.0,22400.0,1.0,22500.0,1.0,22600.0,1.0,22700.0,1.0,22800.0,1.0,22900.0,1.0
000629.SZ,2020-08-31,09:32:53,22000.0,1.0,21847.0,21800.0,1.0,21700.0,1.0,21600.0,1.0,21500.0,1,21400.0,1.0,21300.0,1.0,21200.0,1.0,21100.0,1.0,21000.0,1.0,20900.0,1.0,22000.0,1.0,22100.0,1.0,22200.0,1.0,22300.0,1.0,22400.0,1.0,22500.0,1.0,22600.0,1.0,22700.0,1.0,22800.0,1.0,22900.0,1.0
000629.SZ,2020-08-31,09:32:54,21800.0,0.0,0.0,21900.0,0.08,21800.0,1.0,21700.0,1.0,21600.0,1,21500.0,1.0,21400.0,1.0,21300.0,1.0,21200.0,1.0,21100.0,1.0,21000.0,1.0,22000.0,1.0,22100.0,1.0,22200.0,1.0,22300.0,1.0,22400.0,1.0,22500.0,1.0,22600.0,1.0,22700.0,1.0,22800.0,1.0,22900.0,1.0
000629.SZ,2020-08-31,09:32:55,21800.0,0.0,0.0,21900.0,0.35,21800.0,1.0,21700.0,1.0,21600.0,1,21500.0,1.0,21400.0,1.0,21300.0,1.0,21200.0,1.0,21100.0,1.0,21000.0,1.0,22000.0,1.0,22100.0,1.0,22200.0,1.0,22300.0,1.0,22400.0,1.0,22500.0,1.0,22600.0,1.0,22700.0,1.0,22800.0,1.0,22900.0,1.0
000629.SZ,2020-08-31,09:32:56,21800.0,0.0653061224489796,1436.734693877551,21900.0,0.35,21800.0,1.0,21700.0,1.0,21600.0,1,21500.0,1.0,21400.0,1.0,21300.0,1.0,21200.0,1.0,21100.0,1.0,21000.0,1.0,22000.0,1.0,22100.0,1.0,22200.0,1.0,22300.0,1.0,22400.0,1.0,22500.0,1.0,22600.0,1.0,22700.0,1.0,22800.0,1.0,22900.0,1.0
000629.SZ,2020-08-31,09:32:57,22000.0,0.0,0.0,21900.0,0.35,21800.0,1.0,21700.0,1.0,21600.0,1,21500.0,1.0,21400.0,1.0,21300.0,1.0,21200.0,1.0,21100.0,1.0,21000.0,1.0,22000.0,1.0,22100.0,1.0,22200.0,1.0,22300.0,1.0,22400.0,1.0,22500.0,1.0,22600.0,1.0,22700.0,1.0,22800.0,1.0,22900.0,1.0
000629.SZ,2020-08-31,09:32:58,22000.0,0.0,0.0,21900.0,0.35,21800.0,1.0,21700.0,1.0,21600.0,1,21500.0,1.0,21400.0,1.0,21300.0,1.0,21200.0,1.0,21100.0,1.0,21000.0,1.0,22000.0,1.0,22100.0,1.0,22200.0,1.0,22300.0,1.0,22400.0,1.0,22500.0,1.0,22600.0,1.0,22700.0,1.0,22800.0,1.0,22900.0,1.0
000629.SZ,2020-08-31,09:32:59,22000.0,0.0272108843537414,598.6394557823129,21900.0,0.5,21800.0,1.0,21700.0,1.0,21600.0,1,21500.0,1.0,21400.0,1.0,21300.0,1.0,21200.0,1.0,21100.0,1.0,21000.0,1.0,22000.0,1.0,22100.0,1.0,22200.0,1.0,22300.0,1.0,22400.0,1.0,22500.0,1.0,22600.0,1.0,22700.0,1.0,22800.0,1.0,22900.0,1.0
000629.SZ,2020-08-31,09:33:00,22000.0,0.0,0.0,21900.0,0.5,21800.0,1.0,21700.0,1.0,21600.0,1,21500.0,1.0,21400.0,1.0,21300.0,1.0,21200.0,1.0,21100.0,1.0,21000.0,1.0,22000.0,1.0,22100.0,1.0,22200.0,1.0,22300.0,1.0,22400.0,1.0,22500.0,1.0,22600.0,1.0,22700.0,1.0,22800.0,1.0,22900.0,1.0
000629.SZ,2020-08-31,09:33:01,22000.0,0.0,0.0,21900.0,0.5,21800.0,1.0,21700.0,1.0,21600.0,1,21500.0,1.0,21400.0,1.0,21300.0,1.0,21200.0,1.0,21100.0,1.0,21000.0,1.0,22000.0,1.0,22100.0,1.0,22200.0,1.0,22300.0,1.0,22400.0,1.0,22500.0,1.0,22600.0,1.0,22700.0,1.0,22800.0,1.0,22900.0,1.0
000629.SZ,2020-08-31,09:33:02,22000.0,0.0,0.0,21900.0,0.5,21800.0,1.0,21700.0,1.0,21600.0,1,21500.0,1.0,21400.0,1.0,21300.0,1.0,21200.0,1.0,21100.0,1.0,21000.0,1.0,22000.0,1.0,22100.0,1.0,22200.0,1.0,22300.0,1.0,22400.0,1.0,22500.0,1.0,22600.0,1.0,22700.0,1.0,22800.0,1.0,22900.0,1.0
000629.SZ,2020-08-31,09:33:03,22000.0,0.0068027210884353,149.65986394557822,21900.0,0.5,21800.0,1.0,21700.0,1.0,21600.0,1,21500.0,1.0,21400.0,1.0,21300.0,1.0,21200.0,1.0,21100.0,1.0,21000.0,1.0,22000.0,1.0,22100.0,1.0,22200.0,1.0,22300.0,1.0,22400.0,1.0,22500.0,1.0,22600.0,1.0,22700.0,1.0,22800.0,1.0,22900.0,1.0
000629.SZ,2020-08-31,09:33:04,22000.0,0.0,0.0,21900.0,0.5,21800.0,1.0,21700.0,1.0,21600.0,1,21500.0,1.0,21400.0,1.0,21300.0,1.0,21200.0,1.0,21100.0,1.0,21000.0,1.0,22000.0,1.0,22100.0,1.0,22200.0,1.0,22300.0,1.0,22400.0,1.0,22500.0,1.0,22600.0,1.0,22700.0,1.0,22800.0,1.0,22900.0,1.0
000629.SZ,2020-08-31,09:33:05,22000.0,0.0,0.0,21900.0,1.0,21800.0,1.0,21700.0,1.0,21600.0,1,21500.0,1.0,21400.0,1.0,21300.0,1.0,21200.0,1.0,21100.0,1.0,21000.0,1.0,22000.0,1.0,22100.0,1.0,22200.0,1.0,22300.0,1.0,22400.0,1.0,22500.0,1.0,22600.0,1.0,22700.0,1.0,22800.0,1.0,22900.0,1.0
000629.SZ,2020-08-31,09:33:06,22000.0,0.0,0.0,21900.0,1.0,21800.0,1.0,21700.0,1.0,21600.0,1,21500.0,1.0,21400.0,1.0,21300.0,1.0,21200.0,1.0,21100.0,1.0,21000.0,1.0,22000.0,1.0,22100.0,1.0,22200.0,1.0,22300.0,1.0,22400.0,1.0,22500.0,1.0,22600.0,1.0,22700.0,1.0,22800.0,1.0,22900.0,1.0
000629.SZ,2020-08-31,09:33:07,22000.0,0.0,0.0,21900.0,1.0,21800.0,1.0,21700.0,1.0,21600.0,1,21500.0,1.0,21400.0,1.0,21300.0,1.0,21200.0,1.0,21100.0,1.0,21000.0,1.0,22000.0,1.0,22100.0,1.0,22200.0,1.0,22300.0,1.0,22400.0,1.0,22500.0,1.0,22600.0,1.0,22700.0,1.0,22800.0,1.0,22900.0,1.0
000629.SZ,2020-08-31,09:33:08,22000.0,0.0,0.0,21900.0,1.0,21800.0,1.0,21700.0,1.0,21600.0,1,21500.0,1.0,21400.0,1.0,21300.0,1.0,21200.0,1.0,21100.0,1.0,21000.0,1.0,22000.0,1.0,22100.0,1.0,22200.0,1.0,22300.0,1.0,22400.0,1.0,22500.0,1.0,22600.0,1.0,22700.0,1.0,22800.0,1.0,22900.0,1.0
000629.SZ,2020-08-31,09:33:09,22000.0,0.0,0.0,21900.0,1.0,21800.0,1.0,21700.0,1.0,21600.0,1,21500.0,1.0,21400.0,1.0,21300.0,1.0,21200.0,1.0,21100.0,1.0,21000.0,1.0,22000.0,1.0,22100.0,1.0,22200.0,1.0,22300.0,1.0,22400.0,1.0,22500.0,1.0,22600.0,1.0,22700.0,1.0,22800.0,1.0,22900.0,1.0
000629.SZ,2020-08-31,09:33:10,22000.0,0.0,0.0,21900.0,1.0,21800.0,1.0,21700.0,1.0,21600.0,1,21500.0,1.0,21400.0,1.0,21300.0,1.0,21200.0,1.0,21100.0,1.0,21000.0,1.0,22000.0,1.0,22100.0,1.0,22200.0,1.0,22300.0,1.0,22400.0,1.0,22500.0,1.0,22600.0,1.0,22700.0,1.0,22800.0,1.0,22900.0,1.0
000629.SZ,2020-08-31,09:33:11,22000.0,0.0,0.0,21900.0,1.0,21800.0,1.0,21700.0,1.0,21600.0,1,21500.0,1.0,21400.0,1.0,21300.0,1.0,21200.0,1.0,21100.0,1.0,21000.0,1.0,22000.0,1.0,22100.0,1.0,22200.0,1.0,22300.0,1.0,22400.0,1.0,22500.0,1.0,22600.0,1.0,22700.0,1.0,22800.0,1.0,22900.0,1.0
000629.SZ,2020-08-31,09:33:12,22000.0,0.6476190476190476,14247.619047619048,21900.0,1.0,21800.0,1.0,21700.0,1.0,21600.0,1,21500.0,1.0,21400.0,1.0,21300.0,1.0,21200.0,1.0,21100.0,1.0,21000.0,1.0,22000.0,1.0,22100.0,1.0,22200.0,1.0,22300.0,1.0,22400.0,1.0,22500.0,1.0,22600.0,1.0,22700.0,1.0,22800.0,1.0,22900.0,1.0
000629.SZ,2020-08-31,09:33:13,22000.0,0.1360544217687075,2993.197278911565,21900.0,1.0,21800.0,1.0,21700.0,1.0,21600.0,1,21500.0,1.0,21400.0,1.0,21300.0,1.0,21200.0,1.0,21100.0,1.0,21000.0,1.0,22000.0,1.0,22100.0,1.0,22200.0,1.0,22300.0,1.0,22400.0,1.0,22500.0,1.0,22600.0,1.0,22700.0,1.0,22800.0,1.0,22900.0,1.0
000629.SZ,2020-08-31,09:33:14,22000.0,0.0,0.0,21900.0,1.0,21800.0,1.0,21700.0,1.0,21600.0,1,21500.0,1.0,21400.0,1.0,21300.0,1.0,21200.0,1.0,21100.0,1.0,21000.0,1.0,22000.0,1.0,22100.0,1.0,22200.0,1.0,22300.0,1.0,22400.0,1.0,22500.0,1.0,22600.0,1.0,22700.0,1.0,22800.0,1.0,22900.0,1.0
000629.SZ,2020-08-31,09:33:15,22000.0,0.0,0.0,21900.0,1.0,21800.0,1.0,21700.0,1.0,21600.0,1,21500.0,1.0,21400.0,1.0,21300.0,1.0,21200.0,1.0,21100.0,1.0,21000.0,1.0,22000.0,1.0,22100.0,1.0,22200.0,1.0,22300.0,1.0,22400.0,1.0,22500.0,1.0,22600.0,1.0,22700.0,1.0,22800.0,1.0,22900.0,1.0
000629.SZ,2020-08-31,09:33:16,22000.0,0.0,0.0,21900.0,1.0,21800.0,1.0,21700.0,1.0,21600.0,1,21500.0,1.0,21400.0,1.0,21300.0,1.0,21200.0,1.0,21100.0,1.0,21000.0,1.0,22000.0,1.0,22100.0,1.0,22200.0,1.0,22300.0,1.0,22400.0,1.0,22500.0,1.0,22600.0,1.0,22700.0,1.0,22800.0,1.0,22900.0,1.0
000629.SZ,2020-08-31,09:33:17,22000.0,0.0,0.0,21900.0,1.0,21800.0,1.0,21700.0,1.0,21600.0,1,21500.0,1.0,21400.0,1.0,21300.0,1.0,21200.0,1.0,21100.0,1.0,21000.0,1.0,22000.0,1.0,22100.0,1.0,22200.0,1.0,22300.0,1.0,22400.0,1.0,22500.0,1.0,22600.0,1.0,22700.0,1.0,22800.0,1.0,22900.0,1.0
000629.SZ,2020-08-31,09:33:18,22000.0,0.0,0.0,21900.0,1.0,21800.0,1.0,21700.0,1.0,21600.0,1,21500.0,1.0,21400.0,1.0,21300.0,1.0,21200.0,1.0,21100.0,1.0,21000.0,1.0,22000.0,1.0,22100.0,1.0,22200.0,1.0,22300.0,1.0,22400.0,1.0,22500.0,1.0,22600.0,1.0,22700.0,1.0,22800.0,1.0,22900.0,1.0
000629.SZ,2020-08-31,09:33:19,22000.0,0.0,0.0,21900.0,1.0,21800.0,1.0,21700.0,1.0,21600.0,1,21500.0,1.0,21400.0,1.0,21300.0,1.0,21200.0,1.0,21100.0,1.0,21000.0,1.0,22000.0,1.0,22100.0,1.0,22200.0,1.0,22300.0,1.0,22400.0,1.0,22500.0,1.0,22600.0,1.0,22700.0,1.0,22800.0,1.0,22900.0,1.0
000629.SZ,2020-08-31,09:33:20,22000.0,0.0285714285714285,628.5714285714286,21900.0,1.0,21800.0,1.0,21700.0,1.0,21600.0,1,21500.0,1.0,21400.0,1.0,21300.0,1.0,21200.0,1.0,21100.0,1.0,21000.0,1.0,22000.0,1.0,22100.0,1.0,22200.0,1.0,22300.0,1.0,22400.0,1.0,22500.0,1.0,22600.0,1.0,22700.0,1.0,22800.0,1.0,22900.0,1.0
000629.SZ,2020-08-31,09:33:21,22000.0,0.0,0.0,21900.0,1.0,21800.0,1.0,21700.0,1.0,21600.0,1,21500.0,1.0,21400.0,1.0,21300.0,1.0,21200.0,1.0,21100.0,1.0,21000.0,1.0,22000.0,1.0,22100.0,1.0,22200.0,1.0,22300.0,1.0,22400.0,1.0,22500.0,1.0,22600.0,1.0,22700.0,1.0,22800.0,1.0,22900.0,1.0
000629.SZ,2020-08-31,09:33:22,22000.0,0.0272108843537414,595.9183673469388,21900.0,1.0,21800.0,1.0,21700.0,1.0,21600.0,1,21500.0,1.0,21400.0,1.0,21300.0,1.0,21200.0,1.0,21100.0,1.0,21000.0,1.0,22000.0,1.0,22100.0,1.0,22200.0,1.0,22300.0,1.0,22400.0,1.0,22500.0,1.0,22600.0,1.0,22700.0,1.0,22800.0,1.0,22900.0,1.0
000629.SZ,2020-08-31,09:33:23,21900.0,0.0,0.0,21900.0,1.0,21800.0,1.0,21700.0,1.0,21600.0,1,21500.0,1.0,21400.0,1.0,21300.0,1.0,21200.0,1.0,21100.0,1.0,21000.0,1.0,22000.0,1.0,22100.0,1.0,22200.0,1.0,22300.0,1.0,22400.0,1.0,22500.0,1.0,22600.0,1.0,22700.0,1.0,22800.0,1.0,22900.0,1.0
000629.SZ,2020-08-31,09:33:24,21900.0,0.0,0.0,21900.0,1.0,21800.0,1.0,21700.0,1.0,21600.0,1,21500.0,1.0,21400.0,1.0,21300.0,1.0,21200.0,1.0,21100.0,1.0,21000.0,1.0,22000.0,1.0,22100.0,1.0,22200.0,1.0,22300.0,1.0,22400.0,1.0,22500.0,1.0,22600.0,1.0,22700.0,1.0,22800.0,1.0,22900.0,1.0
000629.SZ,2020-08-31,09:33:25,21900.0,0.0,0.0,21900.0,1.0,21800.0,1.0,21700.0,1.0,21600.0,1,21500.0,1.0,21400.0,1.0,21300.0,1.0,21200.0,1.0,21100.0,1.0,21000.0,1.0,22000.0,1.0,22100.0,1.0,22200.0,1.0,22300.0,1.0,22400.0,1.0,22500.0,1.0,22600.0,1.0,22700.0,1.0,22800.0,1.0,22900.0,1.0
000629.SZ,2020-08-31,09:33:26,21900.0,0.0,0.0,21900.0,1.0,21800.0,1.0,21700.0,1.0,21600.0,1,21500.0,1.0,21400.0,1.0,21300.0,1.0,21200.0,1.0,21100.0,1.0,21000.0,1.0,22000.0,1.0,22100.0,1.0,22200.0,1.0,22300.0,1.0,22400.0,1.0,22500.0,1.0,22600.0,1.0,22700.0,1.0,22800.0,1.0,22900.0,1.0
000629.SZ,2020-08-31,09:33:27,21900.0,0.0,0.0,21900.0,1.0,21800.0,1.0,21700.0,1.0,21600.0,1,21500.0,1.0,21400.0,1.0,21300.0,1.0,21200.0,1.0,21100.0,1.0,21000.0,1.0,22000.0,1.0,22100.0,1.0,22200.0,1.0,22300.0,1.0,22400.0,1.0,22500.0,1.0,22600.0,1.0,22700.0,1.0,22800.0,1.0,22900.0,1.0
000629.SZ,2020-08-31,09:33:28,21900.0,0.0,0.0,21900.0,1.0,21800.0,1.0,21700.0,1.0,21600.0,1,21500.0,1.0,21400.0,1.0,21300.0,1.0,21200.0,1.0,21100.0,1.0,21000.0,1.0,22000.0,1.0,22100.0,1.0,22200.0,1.0,22300.0,1.0,22400.0,1.0,22500.0,1.0,22600.0,1.0,22700.0,1.0,22800.0,1.0,22900.0,1.0
000629.SZ,2020-08-31,09:33:29,21900.0,0.0095238095238095,208.57142857142856,21900.0,1.0,21800.0,1.0,21700.0,1.0,21600.0,1,21500.0,1.0,21400.0,1.0,21300.0,1.0,21200.0,1.0,21100.0,1.0,21000.0,1.0,22000.0,1.0,22100.0,1.0,22200.0,1.0,22300.0,1.0,22400.0,1.0,22500.0,1.0,22600.0,1.0,22700.0,1.0,22800.0,1.0,22900.0,1.0
000629.SZ,2020-08-31,09:33:30,21900.0,0.0,0.0,21900.0,1.0,21800.0,1.0,21700.0,1.0,21600.0,1,21500.0,1.0,21400.0,1.0,21300.0,1.0,21200.0,1.0,21100.0,1.0,21000.0,1.0,22000.0,1.0,22100.0,1.0,22200.0,1.0,22300.0,1.0,22400.0,1.0,22500.0,1.0,22600.0,1.0,22700.0,1.0,22800.0,1.0,22900.0,1.0
000629.SZ,2020-08-31,09:33:31,21900.0,0.9102040816326532,19933.469387755104,21900.0,1.0,21800.0,1.0,21700.0,1.0,21600.0,1,21500.0,1.0,21400.0,1.0,21300.0,1.0,21200.0,1.0,21100.0,1.0,21000.0,1.0,22000.0,1.0,22100.0,1.0,22200.0,1.0,22300.0,1.0,22400.0,1.0,22500.0,1.0,22600.0,1.0,22700.0,1.0,22800.0,1.0,22900.0,1.0
000629.SZ,2020-08-31,09:33:32,21900.0,0.0,0.0,21900.0,1.0,21800.0,1.0,21700.0,1.0,21600.0,1,21500.0,1.0,21400.0,1.0,21300.0,1.0,21200.0,1.0,21100.0,1.0,21000.0,1.0,22000.0,1.0,22100.0,1.0,22200.0,1.0,22300.0,1.0,22400.0,1.0,22500.0,1.0,22600.0,1.0,22700.0,1.0,22800.0,1.0,22900.0,1.0
000629.SZ,2020-08-31,09:33:33,21900.0,0.0,0.0,21900.0,1.0,21800.0,1.0,21700.0,1.0,21600.0,1,21500.0,1.0,21400.0,1.0,21300.0,1.0,21200.0,1.0,21100.0,1.0,21000.0,1.0,22000.0,1.0,22100.0,1.0,22200.0,1.0,22300.0,1.0,22400.0,1.0,22500.0,1.0,22600.0,1.0,22700.0,1.0,22800.0,1.0,22900.0,1.0
000629.SZ,2020-08-31,09:33:34,21900.0,0.0,0.0,21900.0,1.0,21800.0,1.0,21700.0,1.0,21600.0,1,21500.0,1.0,21400.0,1.0,21300.0,1.0,21200.0,1.0,21100.0,1.0,21000.0,1.0,22000.0,1.0,22100.0,1.0,22200.0,1.0,22300.0,1.0,22400.0,1.0,22500.0,1.0,22600.0,1.0,22700.0,1.0,22800.0,1.0,22900.0,1.0
000629.SZ,2020-08-31,09:33:35,21900.0,0.0,0.0,21900.0,1.0,21800.0,1.0,21700.0,1.0,21600.0,1,21500.0,1.0,21400.0,1.0,21300.0,1.0,21200.0,1.0,21100.0,1.0,21000.0,1.0,22000.0,1.0,22100.0,1.0,22200.0,1.0,22300.0,1.0,22400.0,1.0,22500.0,1.0,22600.0,1.0,22700.0,1.0,22800.0,1.0,22900.0,1.0
000629.SZ,2020-08-31,09:33:36,21900.0,0.0,0.0,21900.0,1.0,21800.0,1.0,21700.0,1.0,21600.0,1,21500.0,1.0,21400.0,1.0,21300.0,1.0,21200.0,1.0,21100.0,1.0,21000.0,1.0,22000.0,1.0,22100.0,1.0,22200.0,1.0,22300.0,1.0,22400.0,1.0,22500.0,1.0,22600.0,1.0,22700.0,1.0,22800.0,1.0,22900.0,1.0
000629.SZ,2020-08-31,09:33:37,21900.0,0.0,0.0,21900.0,1.0,21800.0,1.0,21700.0,1.0,21600.0,1,21500.0,1.0,21400.0,1.0,21300.0,1.0,21200.0,1.0,21100.0,1.0,21000.0,1.0,22000.0,1.0,22100.0,1.0,22200.0,1.0,22300.0,1.0,22400.0,1.0,22500.0,1.0,22600.0,1.0,22700.0,1.0,22800.0,1.0,22900.0,1.0
000629.SZ,2020-08-31,09:33:38,21900.0,0.0081632653061224,178.77551020408166,21900.0,1.0,21800.0,1.0,21700.0,1.0,21600.0,1,21500.0,1.0,21400.0,1.0,21300.0,1.0,21200.0,1.0,21100.0,1.0,21000.0,1.0,22000.0,1.0,22100.0,1.0,22200.0,1.0,22300.0,1.0,22400.0,1.0,22500.0,1.0,22600.0,1.0,22700.0,1.0,22800.0,1.0,22900.0,1.0
000629.SZ,2020-08-31,09:33:39,21900.0,0.0,0.0,21900.0,1.0,21800.0,1.0,21700.0,1.0,21600.0,1,21500.0,1.0,21400.0,1.0,21300.0,1.0,21200.0,1.0,21100.0,1.0,21000.0,1.0,22000.0,1.0,22100.0,1.0,22200.0,1.0,22300.0,1.0,22400.0,1.0,22500.0,1.0,22600.0,1.0,22700.0,1.0,22800.0,1.0,22900.0,1.0
000629.SZ,2020-08-31,09:33:40,21900.0,0.0231292517006802,508.843537414966,21900.0,1.0,21800.0,1.0,21700.0,1.0,21600.0,1,21500.0,1.0,21400.0,1.0,21300.0,1.0,21200.0,1.0,21100.0,1.0,21000.0,1.0,22000.0,1.0,22100.0,1.0,22200.0,1.0,22300.0,1.0,22400.0,1.0,22500.0,1.0,22600.0,1.0,22700.0,1.0,22800.0,1.0,22900.0,1.0
000629.SZ,2020-08-31,09:33:41,22000.0,0.0,0.0,21900.0,1.0,21800.0,1.0,21700.0,1.0,21600.0,1,21500.0,1.0,21400.0,1.0,21300.0,1.0,21200.0,1.0,21100.0,1.0,21000.0,1.0,22000.0,1.0,22100.0,1.0,22200.0,1.0,22300.0,1.0,22400.0,1.0,22500.0,1.0,22600.0,1.0,22700.0,1.0,22800.0,1.0,22900.0,1.0
000629.SZ,2020-08-31,09:33:42,22000.0,0.0,0.0,21900.0,1.0,21800.0,1.0,21700.0,1.0,21600.0,1,21500.0,1.0,21400.0,1.0,21300.0,1.0,21200.0,1.0,21100.0,1.0,21000.0,1.0,22000.0,1.0,22100.0,1.0,22200.0,1.0,22300.0,1.0,22400.0,1.0,22500.0,1.0,22600.0,1.0,22700.0,1.0,22800.0,1.0,22900.0,1.0
000629.SZ,2020-08-31,09:33:43,22000.0,0.0353741496598639,775.3659863945579,21900.0,1.0,21800.0,1.0,21700.0,1.0,21600.0,1,21500.0,1.0,21400.0,1.0,21300.0,1.0,21200.0,1.0,21100.0,1.0,21000.0,1.0,22000.0,1.0,22100.0,1.0,22200.0,1.0,22300.0,1.0,22400.0,1.0,22500.0,1.0,22600.0,1.0,22700.0,1.0,22800.0,1.0,22900.0,1.0
000629.SZ,2020-08-31,09:33:44,22000.0,0.0,0.0,21900.0,1.0,21800.0,1.0,21700.0,1.0,21600.0,1,21500.0,1.0,21400.0,1.0,21300.0,1.0,21200.0,1.0,21100.0,1.0,21000.0,1.0,22000.0,1.0,22100.0,1.0,22200.0,1.0,22300.0,1.0,22400.0,1.0,22500.0,1.0,22600.0,1.0,22700.0,1.0,22800.0,1.0,22900.0,1.0
000629.SZ,2020-08-31,09:33:45,22000.0,0.0122448979591836,268.1632653061224,21900.0,1.0,21800.0,1.0,21700.0,1.0,21600.0,1,21500.0,1.0,21400.0,1.0,21300.0,1.0,21200.0,1.0,21100.0,1.0,21000.0,1.0,22000.0,1.0,22100.0,1.0,22200.0,1.0,22300.0,1.0,22400.0,1.0,22500.0,1.0,22600.0,1.0,22700.0,1.0,22800.0,1.0,22900.0,1.0
000629.SZ,2020-08-31,09:33:46,21900.0,0.0816326530612244,1787.7551020408162,21900.0,1.0,21800.0,1.0,21700.0,1.0,21600.0,1,21500.0,1.0,21400.0,1.0,21300.0,1.0,21200.0,1.0,21100.0,1.0,21000.0,1.0,22000.0,1.0,22100.0,1.0,22200.0,1.0,22300.0,1.0,22400.0,1.0,22500.0,1.0,22600.0,1.0,22700.0,1.0,22800.0,1.0,22900.0,1.0
000629.SZ,2020-08-31,09:33:47,21900.0,0.0272108843537414,598.6394557823129,21900.0,1.0,21800.0,1.0,21700.0,1.0,21600.0,1,21500.0,1.0,21400.0,1.0,21300.0,1.0,21200.0,1.0,21100.0,1.0,21000.0,1.0,22000.0,1.0,22100.0,1.0,22200.0,1.0,22300.0,1.0,22400.0,1.0,22500.0,1.0,22600.0,1.0,22700.0,1.0,22800.0,1.0,22900.0,1.0
000629.SZ,2020-08-31,09:33:48,22000.0,0.0,0.0,21900.0,1.0,21800.0,1.0,21700.0,1.0,21600.0,1,21500.0,1.0,21400.0,1.0,21300.0,1.0,21200.0,1.0,21100.0,1.0,21000.0,1.0,22000.0,1.0,22100.0,1.0,22200.0,1.0,22300.0,1.0,22400.0,1.0,22500.0,1.0,22600.0,1.0,22700.0,1.0,22800.0,1.0,22900.0,1.0
000629.SZ,2020-08-31,09:33:49,22000.0,0.0,0.0,21900.0,1.0,21800.0,1.0,21700.0,1.0,21600.0,1,21500.0,1.0,21400.0,1.0,21300.0,1.0,21200.0,1.0,21100.0,1.0,21000.0,1.0,22000.0,1.0,22100.0,1.0,22200.0,1.0,22300.0,1.0,22400.0,1.0,22500.0,1.0,22600.0,1.0,22700.0,1.0,22800.0,1.0,22900.0,1.0
000629.SZ,2020-08-31,09:33:50,22000.0,0.0,0.0,21900.0,1.0,21800.0,1.0,21700.0,1.0,21600.0,1,21500.0,1.0,21400.0,1.0,21300.0,1.0,21200.0,1.0,21100.0,1.0,21000.0,1.0,22000.0,1.0,22100.0,1.0,22200.0,1.0,22300.0,1.0,22400.0,1.0,22500.0,1.0,22600.0,1.0,22700.0,1.0,22800.0,1.0,22900.0,1.0
000629.SZ,2020-08-31,09:33:51,22000.0,0.0,0.0,21900.0,1.0,21800.0,1.0,21700.0,1.0,21600.0,1,21500.0,1.0,21400.0,1.0,21300.0,1.0,21200.0,1.0,21100.0,1.0,21000.0,1.0,22000.0,1.0,22100.0,1.0,22200.0,1.0,22300.0,1.0,22400.0,1.0,22500.0,1.0,22600.0,1.0,22700.0,1.0,22800.0,1.0,22900.0,1.0
000629.SZ,2020-08-31,09:33:52,22000.0,0.0,0.0,21900.0,1.0,21800.0,1.0,21700.0,1.0,21600.0,1,21500.0,1.0,21400.0,1.0,21300.0,1.0,21200.0,1.0,21100.0,1.0,21000.0,1.0,22000.0,1.0,22100.0,1.0,22200.0,1.0,22300.0,1.0,22400.0,1.0,22500.0,1.0,22600.0,1.0,22700.0,1.0,22800.0,1.0,22900.0,1.0
000629.SZ,2020-08-31,09:33:53,22000.0,0.0,0.0,21900.0,1.0,21800.0,1.0,21700.0,1.0,21600.0,1,21500.0,1.0,21400.0,1.0,21300.0,1.0,21200.0,1.0,21100.0,1.0,21000.0,1.0,22000.0,1.0,22100.0,1.0,22200.0,1.0,22300.0,1.0,22400.0,1.0,22500.0,1.0,22600.0,1.0,22700.0,1.0,22800.0,1.0,22900.0,1.0
000629.SZ,2020-08-31,09:33:54,22000.0,0.0095238095238095,208.57142857142856,21900.0,1.0,21800.0,1.0,21700.0,1.0,21600.0,1,21500.0,1.0,21400.0,1.0,21300.0,1.0,21200.0,1.0,21100.0,1.0,21000.0,1.0,22000.0,1.0,22100.0,1.0,22200.0,1.0,22300.0,1.0,22400.0,1.0,22500.0,1.0,22600.0,1.0,22700.0,1.0,22800.0,1.0,22900.0,1.0
000629.SZ,2020-08-31,09:33:55,21900.0,0.0,0.0,21900.0,1.0,21800.0,1.0,21700.0,1.0,21600.0,1,21500.0,1.0,21400.0,1.0,21300.0,1.0,21200.0,1.0,21100.0,1.0,21000.0,1.0,22000.0,1.0,22100.0,1.0,22200.0,1.0,22300.0,1.0,22400.0,1.0,22500.0,1.0,22600.0,1.0,22700.0,1.0,22800.0,1.0,22900.0,1.0
000629.SZ,2020-08-31,09:33:56,21900.0,0.0,0.0,21900.0,1.0,21800.0,1.0,21700.0,1.0,21600.0,1,21500.0,1.0,21400.0,1.0,21300.0,1.0,21200.0,1.0,21100.0,1.0,21000.0,1.0,22000.0,1.0,22100.0,1.0,22200.0,1.0,22300.0,1.0,22400.0,1.0,22500.0,1.0,22600.0,1.0,22700.0,1.0,22800.0,1.0,22900.0,1.0
000629.SZ,2020-08-31,09:33:57,21900.0,0.0,0.0,21900.0,1.0,21800.0,1.0,21700.0,1.0,21600.0,1,21500.0,1.0,21400.0,1.0,21300.0,1.0,21200.0,1.0,21100.0,1.0,21000.0,1.0,22000.0,1.0,22100.0,1.0,22200.0,1.0,22300.0,1.0,22400.0,1.0,22500.0,1.0,22600.0,1.0,22700.0,1.0,22800.0,1.0,22900.0,1.0
000629.SZ,2020-08-31,09:33:58,21900.0,0.0,0.0,21900.0,1.0,21800.0,1.0,21700.0,1.0,21600.0,1,21500.0,1.0,21400.0,1.0,21300.0,1.0,21200.0,1.0,21100.0,1.0,21000.0,1.0,22000.0,1.0,22100.0,1.0,22200.0,1.0,22300.0,1.0,22400.0,1.0,22500.0,1.0,22600.0,1.0,22700.0,1.0,22800.0,1.0,22900.0,1.0
000629.SZ,2020-08-31,09:33:59,21900.0,0.0,0.0,21900.0,1.0,21800.0,1.0,21700.0,1.0,21600.0,1,21500.0,1.0,21400.0,1.0,21300.0,1.0,21200.0,1.0,21100.0,1.0,21000.0,1.0,22000.0,1.0,22100.0,1.0,22200.0,1.0,22300.0,1.0,22400.0,1.0,22500.0,1.0,22600.0,1.0,22700.0,1.0,22800.0,1.0,22900.0,1.0
000629.SZ,2020-08-31,09:34:00,21900.0,0.0068027210884353,149.65986394557822,21900.0,1.0,21800.0,1.0,21700.0,1.0,21600.0,1,21500.0,1.0,21400.0,1.0,21300.0,1.0,21200.0,1.0,21100.0,1.0,21000.0,1.0,22000.0,1.0,22100.0,1.0,22200.0,1.0,22300.0,1.0,22400.0,1.0,22500.0,1.0,22600.0,1.0,22700.0,1.0,22800.0,1.0,22900.0,1.0
000629.SZ,2020-08-31,09:34:01,22000.0,0.1850340136054421,4052.244897959184,21900.0,1.0,21800.0,1.0,21700.0,1.0,21600.0,1,21500.0,1.0,21400.0,1.0,21300.0,1.0,21200.0,1.0,21100.0,1.0,21000.0,1.0,22000.0,1.0,22100.0,1.0,22200.0,1.0,22300.0,1.0,22400.0,1.0,22500.0,1.0,22600.0,1.0,22700.0,1.0,22800.0,1.0,22900.0,1.0
000629.SZ,2020-08-31,09:34:02,21900.0,0.0,0.0,21900.0,1.0,21800.0,1.0,21700.0,1.0,21600.0,1,21500.0,1.0,21400.0,1.0,21300.0,1.0,21200.0,1.0,21100.0,1.0,21000.0,1.0,22000.0,1.0,22100.0,1.0,22200.0,1.0,22300.0,1.0,22400.0,1.0,22500.0,1.0,22600.0,1.0,22700.0,1.0,22800.0,1.0,22900.0,1.0
000629.SZ,2020-08-31,09:34:03,21900.0,0.0,0.0,21900.0,1.0,21800.0,1.0,21700.0,1.0,21600.0,1,21500.0,1.0,21400.0,1.0,21300.0,1.0,21200.0,1.0,21100.0,1.0,21000.0,1.0,22000.0,1.0,22100.0,1.0,22200.0,1.0,22300.0,1.0,22400.0,1.0,22500.0,1.0,22600.0,1.0,22700.0,1.0,22800.0,1.0,22900.0,1.0
000629.SZ,2020-08-31,09:34:04,21900.0,0.05578231292517,1227.2108843537414,21900.0,1.0,21800.0,1.0,21700.0,1.0,21600.0,1,21500.0,1.0,21400.0,1.0,21300.0,1.0,21200.0,1.0,21100.0,1.0,21000.0,1.0,22000.0,1.0,22100.0,1.0,22200.0,1.0,22300.0,1.0,22400.0,1.0,22500.0,1.0,22600.0,1.0,22700.0,1.0,22800.0,1.0,22900.0,1.0
000629.SZ,2020-08-31,09:34:05,22000.0,0.0,0.0,21900.0,1.0,21800.0,1.0,21700.0,1.0,21600.0,1,21500.0,1.0,21400.0,1.0,21300.0,1.0,21200.0,1.0,21100.0,1.0,21000.0,1.0,22000.0,1.0,22100.0,1.0,22200.0,1.0,22300.0,1.0,22400.0,1.0,22500.0,1.0,22600.0,1.0,22700.0,1.0,22800.0,1.0,22900.0,1.0
000629.SZ,2020-08-31,09:34:06,22000.0,0.0,0.0,21900.0,1.0,21800.0,1.0,21700.0,1.0,21600.0,1,21500.0,1.0,21400.0,1.0,21300.0,1.0,21200.0,1.0,21100.0,1.0,21000.0,1.0,22000.0,1.0,22100.0,1.0,22200.0,1.0,22300.0,1.0,22400.0,1.0,22500.0,1.0,22600.0,1.0,22700.0,1.0,22800.0,1.0,22900.0,1.0
000629.SZ,2020-08-31,09:34:07,22000.0,0.0,0.0,21900.0,1.0,21800.0,1.0,21700.0,1.0,21600.0,1,21500.0,1.0,21400.0,1.0,21300.0,1.0,21200.0,1.0,21100.0,1.0,21000.0,1.0,22000.0,1.0,22100.0,1.0,22200.0,1.0,22300.0,1.0,22400.0,1.0,22500.0,1.0,22600.0,1.0,22700.0,1.0,22800.0,1.0,22900.0,1.0
000629.SZ,2020-08-31,09:34:08,22000.0,0.4340136054421769,9548.299319727892,21900.0,1.0,21800.0,1.0,21700.0,1.0,21600.0,1,21500.0,1.0,21400.0,1.0,21300.0,1.0,21200.0,1.0,21100.0,1.0,21000.0,1.0,22000.0,1.0,22100.0,1.0,22200.0,1.0,22300.0,1.0,22400.0,1.0,22500.0,1.0,22600.0,1.0,22700.0,1.0,22800.0,1.0,22900.0,1.0
000629.SZ,2020-08-31,09:34:09,22000.0,0.3170068027210884,6942.448979591837,21900.0,0.89,21800.0,1.0,21700.0,1.0,21600.0,1,21500.0,1.0,21400.0,1.0,21300.0,1.0,21200.0,1.0,21100.0,1.0,21000.0,1.0,22000.0,1.0,22100.0,1.0,22200.0,1.0,22300.0,1.0,22400.0,1.0,22500.0,1.0,22600.0,1.0,22700.0,1.0,22800.0,1.0,22900.0,1.0
000629.SZ,2020-08-31,09:34:10,21900.0,0.0,0.0,21900.0,0.89,21800.0,1.0,21700.0,1.0,21600.0,1,21500.0,1.0,21400.0,1.0,21300.0,1.0,21200.0,1.0,21100.0,1.0,21000.0,1.0,22000.0,1.0,22100.0,1.0,22200.0,1.0,22300.0,1.0,22400.0,1.0,22500.0,1.0,22600.0,1.0,22700.0,1.0,22800.0,1.0,22900.0,1.0
000629.SZ,2020-08-31,09:34:11,21900.0,0.0462585034013605,1014.5414965986394,21900.0,0.85,21800.0,1.0,21700.0,1.0,21600.0,1,21500.0,1.0,21400.0,1.0,21300.0,1.0,21200.0,1.0,21100.0,1.0,21000.0,1.0,22000.0,1.0,22100.0,1.0,22200.0,1.0,22300.0,1.0,22400.0,1.0,22500.0,1.0,22600.0,1.0,22700.0,1.0,22800.0,1.0,22900.0,1.0
000629.SZ,2020-08-31,09:34:12,22000.0,0.0653061224489796,1436.734693877551,21900.0,0.85,21800.0,1.0,21700.0,1.0,21600.0,1,21500.0,1.0,21400.0,1.0,21300.0,1.0,21200.0,1.0,21100.0,1.0,21000.0,1.0,22000.0,1.0,22100.0,1.0,22200.0,1.0,22300.0,1.0,22400.0,1.0,22500.0,1.0,22600.0,1.0,22700.0,1.0,22800.0,1.0,22900.0,1.0
000629.SZ,2020-08-31,09:34:13,22000.0,0.3727891156462585,8166.691156462585,21900.0,0.4,21800.0,1.0,21700.0,1.0,21600.0,1,21500.0,1.0,21400.0,1.0,21300.0,1.0,21200.0,1.0,21100.0,1.0,21000.0,1.0,22000.0,1.0,22100.0,1.0,22200.0,1.0,22300.0,1.0,22400.0,1.0,22500.0,1.0,22600.0,1.0,22700.0,1.0,22800.0,1.0,22900.0,1.0
000629.SZ,2020-08-31,09:34:14,22000.0,0.0,0.0,21900.0,0.4,21800.0,1.0,21700.0,1.0,21600.0,1,21500.0,1.0,21400.0,1.0,21300.0,1.0,21200.0,1.0,21100.0,1.0,21000.0,1.0,22000.0,1.0,22100.0,1.0,22200.0,1.0,22300.0,1.0,22400.0,1.0,22500.0,1.0,22600.0,1.0,22700.0,1.0,22800.0,1.0,22900.0,1.0
000629.SZ,2020-08-31,09:34:15,22000.0,0.0544217687074829,1196.0272108843535,21900.0,0.38,21800.0,1.0,21700.0,1.0,21600.0,1,21500.0,1.0,21400.0,1.0,21300.0,1.0,21200.0,1.0,21100.0,1.0,21000.0,1.0,22000.0,1.0,22100.0,1.0,22200.0,1.0,22300.0,1.0,22400.0,1.0,22500.0,1.0,22600.0,1.0,22700.0,1.0,22800.0,1.0,22900.0,1.0
000629.SZ,2020-08-31,09:34:16,21900.0,0.0312925170068027,688.4353741496599,21900.0,0.38,21800.0,1.0,21700.0,1.0,21600.0,1,21500.0,1.0,21400.0,1.0,21300.0,1.0,21200.0,1.0,21100.0,1.0,21000.0,1.0,22000.0,1.0,22100.0,1.0,22200.0,1.0,22300.0,1.0,22400.0,1.0,22500.0,1.0,22600.0,1.0,22700.0,1.0,22800.0,1.0,22900.0,1.0
000629.SZ,2020-08-31,09:34:17,22000.0,0.0,0.0,21900.0,0.38,21800.0,1.0,21700.0,1.0,21600.0,1,21500.0,1.0,21400.0,1.0,21300.0,1.0,21200.0,1.0,21100.0,1.0,21000.0,1.0,22000.0,1.0,22100.0,1.0,22200.0,1.0,22300.0,1.0,22400.0,1.0,22500.0,1.0,22600.0,1.0,22700.0,1.0,22800.0,1.0,22900.0,1.0
000629.SZ,2020-08-31,09:34:18,22000.0,0.0625850340136054,1376.8707482993198,21900.0,0.38,21800.0,1.0,21700.0,1.0,21600.0,1,21500.0,1.0,21400.0,1.0,21300.0,1.0,21200.0,1.0,21100.0,1.0,21000.0,1.0,22000.0,1.0,22100.0,1.0,22200.0,1.0,22300.0,1.0,22400.0,1.0,22500.0,1.0,22600.0,1.0,22700.0,1.0,22800.0,1.0,22900.0,1.0
000629.SZ,2020-08-31,09:34:19,22000.0,0.0,0.0,21900.0,0.38,21800.0,1.0,21700.0,1.0,21600.0,1,21500.0,1.0,21400.0,1.0,21300.0,1.0,21200.0,1.0,21100.0,1.0,21000.0,1.0,22000.0,1.0,22100.0,1.0,22200.0,1.0,22300.0,1.0,22400.0,1.0,22500.0,1.0,22600.0,1.0,22700.0,1.0,22800.0,1.0,22900.0,1.0
000629.SZ,2020-08-31,09:34:20,22000.0,0.0,0.0,21900.0,0.38,21800.0,1.0,21700.0,1.0,21600.0,1,21500.0,1.0,21400.0,1.0,21300.0,1.0,21200.0,1.0,21100.0,1.0,21000.0,1.0,22000.0,1.0,22100.0,1.0,22200.0,1.0,22300.0,1.0,22400.0,1.0,22500.0,1.0,22600.0,1.0,22700.0,1.0,22800.0,1.0,22900.0,1.0
000629.SZ,2020-08-31,09:34:21,22000.0,0.0,0.0,21900.0,0.42,21800.0,1.0,21700.0,1.0,21600.0,1,21500.0,1.0,21400.0,1.0,21300.0,1.0,21200.0,1.0,21100.0,1.0,21000.0,1.0,22000.0,1.0,22100.0,1.0,22200.0,1.0,22300.0,1.0,22400.0,1.0,22500.0,1.0,22600.0,1.0,22700.0,1.0,22800.0,1.0,22900.0,1.0
000629.SZ,2020-08-31,09:34:22,22000.0,0.0,0.0,21900.0,0.42,21800.0,1.0,21700.0,1.0,21600.0,1,21500.0,1.0,21400.0,1.0,21300.0,1.0,21200.0,1.0,21100.0,1.0,21000.0,1.0,22000.0,1.0,22100.0,1.0,22200.0,1.0,22300.0,1.0,22400.0,1.0,22500.0,1.0,22600.0,1.0,22700.0,1.0,22800.0,1.0,22900.0,1.0
000629.SZ,2020-08-31,09:34:23,22000.0,0.0,0.0,21900.0,0.42,21800.0,1.0,21700.0,1.0,21600.0,1,21500.0,1.0,21400.0,1.0,21300.0,1.0,21200.0,1.0,21100.0,1.0,21000.0,1.0,22000.0,1.0,22100.0,1.0,22200.0,1.0,22300.0,1.0,22400.0,1.0,22500.0,1.0,22600.0,1.0,22700.0,1.0,22800.0,1.0,22900.0,1.0
000629.SZ,2020-08-31,09:34:24,22000.0,0.0,0.0,21900.0,0.42,21800.0,1.0,21700.0,1.0,21600.0,1,21500.0,1.0,21400.0,1.0,21300.0,1.0,21200.0,1.0,21100.0,1.0,21000.0,1.0,22000.0,1.0,22100.0,1.0,22200.0,1.0,22300.0,1.0,22400.0,1.0,22500.0,1.0,22600.0,1.0,22700.0,1.0,22800.0,1.0,22900.0,1.0
000629.SZ,2020-08-31,09:34:25,22000.0,0.0,0.0,21900.0,0.42,21800.0,1.0,21700.0,1.0,21600.0,1,21500.0,1.0,21400.0,1.0,21300.0,1.0,21200.0,1.0,21100.0,1.0,21000.0,1.0,22000.0,1.0,22100.0,1.0,22200.0,1.0,22300.0,1.0,22400.0,1.0,22500.0,1.0,22600.0,1.0,22700.0,1.0,22800.0,1.0,22900.0,1.0
000629.SZ,2020-08-31,09:34:26,22000.0,0.0625850340136054,1376.8707482993198,21900.0,0.42,21800.0,1.0,21700.0,1.0,21600.0,1,21500.0,1.0,21400.0,1.0,21300.0,1.0,21200.0,1.0,21100.0,1.0,21000.0,1.0,22000.0,1.0,22100.0,1.0,22200.0,1.0,22300.0,1.0,22400.0,1.0,22500.0,1.0,22600.0,1.0,22700.0,1.0,22800.0,1.0,22900.0,1.0
000629.SZ,2020-08-31,09:34:27,22000.0,0.0,0.0,21900.0,0.44,21800.0,1.0,21700.0,1.0,21600.0,1,21500.0,1.0,21400.0,1.0,21300.0,1.0,21200.0,1.0,21100.0,1.0,21000.0,1.0,22000.0,1.0,22100.0,1.0,22200.0,1.0,22300.0,1.0,22400.0,1.0,22500.0,1.0,22600.0,1.0,22700.0,1.0,22800.0,1.0,22900.0,1.0
000629.SZ,2020-08-31,09:34:28,22000.0,0.0,0.0,21900.0,0.44,21800.0,1.0,21700.0,1.0,21600.0,1,21500.0,1.0,21400.0,1.0,21300.0,1.0,21200.0,1.0,21100.0,1.0,21000.0,1.0,22000.0,1.0,22100.0,1.0,22200.0,1.0,22300.0,1.0,22400.0,1.0,22500.0,1.0,22600.0,1.0,22700.0,1.0,22800.0,1.0,22900.0,1.0
000629.SZ,2020-08-31,09:34:29,22000.0,0.2040816326530612,4469.3877551020405,21900.0,0.71,21800.0,1.0,21700.0,1.0,21600.0,1,21500.0,1.0,21400.0,1.0,21300.0,1.0,21200.0,1.0,21100.0,1.0,21000.0,1.0,22000.0,1.0,22100.0,1.0,22200.0,1.0,22300.0,1.0,22400.0,1.0,22500.0,1.0,22600.0,1.0,22700.0,1.0,22800.0,1.0,22900.0,1.0
000629.SZ,2020-08-31,09:34:30,21900.0,0.8258503401360544,18149.712925170068,21900.0,0.46,21800.0,1.0,21700.0,1.0,21600.0,1,21500.0,1.0,21400.0,1.0,21300.0,1.0,21200.0,1.0,21100.0,1.0,21000.0,1.0,22000.0,1.0,22100.0,1.0,22200.0,1.0,22300.0,1.0,22400.0,1.0,22500.0,1.0,22600.0,1.0,22700.0,1.0,22800.0,1.0,22900.0,1.0
000629.SZ,2020-08-31,09:34:31,22000.0,0.0421768707482993,923.6734693877552,21900.0,0.53,21800.0,1.0,21700.0,1.0,21600.0,1,21500.0,1.0,21400.0,1.0,21300.0,1.0,21200.0,1.0,21100.0,1.0,21000.0,1.0,22000.0,1.0,22100.0,1.0,22200.0,1.0,22300.0,1.0,22400.0,1.0,22500.0,1.0,22600.0,1.0,22700.0,1.0,22800.0,1.0,22900.0,1.0
000629.SZ,2020-08-31,09:34:32,21900.0,0.0,0.0,21900.0,0.53,21800.0,1.0,21700.0,1.0,21600.0,1,21500.0,1.0,21400.0,1.0,21300.0,1.0,21200.0,1.0,21100.0,1.0,21000.0,1.0,22000.0,1.0,22100.0,1.0,22200.0,1.0,22300.0,1.0,22400.0,1.0,22500.0,1.0,22600.0,1.0,22700.0,1.0,22800.0,1.0,22900.0,1.0
000629.SZ,2020-08-31,09:34:33,21900.0,0.0,0.0,21900.0,0.53,21800.0,1.0,21700.0,1.0,21600.0,1,21500.0,1.0,21400.0,1.0,21300.0,1.0,21200.0,1.0,21100.0,1.0,21000.0,1.0,22000.0,1.0,22100.0,1.0,22200.0,1.0,22300.0,1.0,22400.0,1.0,22500.0,1.0,22600.0,1.0,22700.0,1.0,22800.0,1.0,22900.0,1.0
000629.SZ,2020-08-31,09:34:34,21900.0,0.0081632653061224,179.59183673469389,21900.0,0.53,21800.0,1.0,21700.0,1.0,21600.0,1,21500.0,1.0,21400.0,1.0,21300.0,1.0,21200.0,1.0,21100.0,1.0,21000.0,1.0,22000.0,1.0,22100.0,1.0,22200.0,1.0,22300.0,1.0,22400.0,1.0,22500.0,1.0,22600.0,1.0,22700.0,1.0,22800.0,1.0,22900.0,1.0
000629.SZ,2020-08-31,09:34:35,22000.0,0.0,0.0,21900.0,0.53,21800.0,1.0,21700.0,1.0,21600.0,1,21500.0,1.0,21400.0,1.0,21300.0,1.0,21200.0,1.0,21100.0,1.0,21000.0,1.0,22000.0,1.0,22100.0,1.0,22200.0,1.0,22300.0,1.0,22400.0,1.0,22500.0,1.0,22600.0,1.0,22700.0,1.0,22800.0,1.0,22900.0,1.0
000629.SZ,2020-08-31,09:34:36,22000.0,0.0,0.0,21900.0,0.53,21800.0,1.0,21700.0,1.0,21600.0,1,21500.0,1.0,21400.0,1.0,21300.0,1.0,21200.0,1.0,21100.0,1.0,21000.0,1.0,22000.0,1.0,22100.0,1.0,22200.0,1.0,22300.0,1.0,22400.0,1.0,22500.0,1.0,22600.0,1.0,22700.0,1.0,22800.0,1.0,22900.0,1.0
000629.SZ,2020-08-31,09:34:37,22000.0,0.1673469387755102,3667.910204081633,21900.0,0.35,21800.0,1.0,21700.0,1.0,21600.0,1,21500.0,1.0,21400.0,1.0,21300.0,1.0,21200.0,1.0,21100.0,1.0,21000.0,1.0,22000.0,1.0,22100.0,1.0,22200.0,1.0,22300.0,1.0,22400.0,1.0,22500.0,1.0,22600.0,1.0,22700.0,1.0,22800.0,1.0,22900.0,1.0
000629.SZ,2020-08-31,09:34:38,21900.0,0.0,0.0,21900.0,0.35,21800.0,1.0,21700.0,1.0,21600.0,1,21500.0,1.0,21400.0,1.0,21300.0,1.0,21200.0,1.0,21100.0,1.0,21000.0,1.0,22000.0,1.0,22100.0,1.0,22200.0,1.0,22300.0,1.0,22400.0,1.0,22500.0,1.0,22600.0,1.0,22700.0,1.0,22800.0,1.0,22900.0,1.0
000629.SZ,2020-08-31,09:34:39,21900.0,0.0,0.0,21900.0,0.35,21800.0,1.0,21700.0,1.0,21600.0,1,21500.0,1.0,21400.0,1.0,21300.0,1.0,21200.0,1.0,21100.0,1.0,21000.0,1.0,22000.0,1.0,22100.0,1.0,22200.0,1.0,22300.0,1.0,22400.0,1.0,22500.0,1.0,22600.0,1.0,22700.0,1.0,22800.0,1.0,22900.0,1.0
000629.SZ,2020-08-31,09:34:40,21900.0,0.0,0.0,21900.0,0.35,21800.0,1.0,21700.0,1.0,21600.0,1,21500.0,1.0,21400.0,1.0,21300.0,1.0,21200.0,1.0,21100.0,1.0,21000.0,1.0,22000.0,1.0,22100.0,1.0,22200.0,1.0,22300.0,1.0,22400.0,1.0,22500.0,1.0,22600.0,1.0,22700.0,1.0,22800.0,1.0,22900.0,1.0
000629.SZ,2020-08-31,09:34:41,21900.0,0.0,0.0,21900.0,0.35,21800.0,1.0,21700.0,1.0,21600.0,1,21500.0,1.0,21400.0,1.0,21300.0,1.0,21200.0,1.0,21100.0,1.0,21000.0,1.0,22000.0,1.0,22100.0,1.0,22200.0,1.0,22300.0,1.0,22400.0,1.0,22500.0,1.0,22600.0,1.0,22700.0,1.0,22800.0,1.0,22900.0,1.0
000629.SZ,2020-08-31,09:34:42,21900.0,0.0,0.0,21900.0,0.42,21800.0,1.0,21700.0,1.0,21600.0,1,21500.0,1.0,21400.0,1.0,21300.0,1.0,21200.0,1.0,21100.0,1.0,21000.0,1.0,22000.0,1.0,22100.0,1.0,22200.0,1.0,22300.0,1.0,22400.0,1.0,22500.0,1.0,22600.0,1.0,22700.0,1.0,22800.0,1.0,22900.0,1.0
000629.SZ,2020-08-31,09:34:43,21900.0,0.0,0.0,21900.0,0.42,21800.0,1.0,21700.0,1.0,21600.0,1,21500.0,1.0,21400.0,1.0,21300.0,1.0,21200.0,1.0,21100.0,1.0,21000.0,1.0,22000.0,1.0,22100.0,1.0,22200.0,1.0,22300.0,1.0,22400.0,1.0,22500.0,1.0,22600.0,1.0,22700.0,1.0,22800.0,1.0,22900.0,1.0
000629.SZ,2020-08-31,09:34:44,21900.0,0.0,0.0,21900.0,0.42,21800.0,1.0,21700.0,1.0,21600.0,1,21500.0,1.0,21400.0,1.0,21300.0,1.0,21200.0,1.0,21100.0,1.0,21000.0,1.0,22000.0,1.0,22100.0,1.0,22200.0,1.0,22300.0,1.0,22400.0,1.0,22500.0,1.0,22600.0,1.0,22700.0,1.0,22800.0,1.0,22900.0,1.0
000629.SZ,2020-08-31,09:34:45,21900.0,0.0,0.0,21900.0,0.42,21800.0,1.0,21700.0,1.0,21600.0,1,21500.0,1.0,21400.0,1.0,21300.0,1.0,21200.0,1.0,21100.0,1.0,21000.0,1.0,22000.0,1.0,22100.0,1.0,22200.0,1.0,22300.0,1.0,22400.0,1.0,22500.0,1.0,22600.0,1.0,22700.0,1.0,22800.0,1.0,22900.0,1.0
000629.SZ,2020-08-31,09:34:46,21900.0,0.0,0.0,21900.0,0.42,21800.0,1.0,21700.0,1.0,21600.0,1,21500.0,1.0,21400.0,1.0,21300.0,1.0,21200.0,1.0,21100.0,1.0,21000.0,1.0,22000.0,1.0,22100.0,1.0,22200.0,1.0,22300.0,1.0,22400.0,1.0,22500.0,1.0,22600.0,1.0,22700.0,1.0,22800.0,1.0,22900.0,1.0
000629.SZ,2020-08-31,09:34:47,21900.0,0.0,0.0,21900.0,0.42,21800.0,1.0,21700.0,1.0,21600.0,1,21500.0,1.0,21400.0,1.0,21300.0,1.0,21200.0,1.0,21100.0,1.0,21000.0,1.0,22000.0,1.0,22100.0,1.0,22200.0,1.0,22300.0,1.0,22400.0,1.0,22500.0,1.0,22600.0,1.0,22700.0,1.0,22800.0,1.0,22900.0,1.0
000629.SZ,2020-08-31,09:34:48,21900.0,0.0108843537414965,238.36734693877548,21900.0,0.44,21800.0,1.0,21700.0,1.0,21600.0,1,21500.0,1.0,21400.0,1.0,21300.0,1.0,21200.0,1.0,21100.0,1.0,21000.0,1.0,22000.0,1.0,22100.0,1.0,22200.0,1.0,22300.0,1.0,22400.0,1.0,22500.0,1.0,22600.0,1.0,22700.0,1.0,22800.0,1.0,22900.0,1.0
000629.SZ,2020-08-31,09:34:49,21900.0,0.0,0.0,21900.0,0.44,21800.0,1.0,21700.0,1.0,21600.0,1,21500.0,1.0,21400.0,1.0,21300.0,1.0,21200.0,1.0,21100.0,1.0,21000.0,1.0,22000.0,1.0,22100.0,1.0,22200.0,1.0,22300.0,1.0,22400.0,1.0,22500.0,1.0,22600.0,1.0,22700.0,1.0,22800.0,1.0,22900.0,1.0
000629.SZ,2020-08-31,09:34:50,21900.0,0.0,0.0,21900.0,0.44,21800.0,1.0,21700.0,1.0,21600.0,1,21500.0,1.0,21400.0,1.0,21300.0,1.0,21200.0,1.0,21100.0,1.0,21000.0,1.0,22000.0,1.0,22100.0,1.0,22200.0,1.0,22300.0,1.0,22400.0,1.0,22500.0,1.0,22600.0,1.0,22700.0,1.0,22800.0,1.0,22900.0,1.0
000629.SZ,2020-08-31,09:34:51,21900.0,0.0,0.0,21900.0,0.59,21800.0,1.0,21700.0,1.0,21600.0,1,21500.0,1.0,21400.0,1.0,21300.0,1.0,21200.0,1.0,21100.0,1.0,21000.0,1.0,22000.0,1.0,22100.0,1.0,22200.0,1.0,22300.0,1.0,22400.0,1.0,22500.0,1.0,22600.0,1.0,22700.0,1.0,22800.0,1.0,22900.0,1.0
000629.SZ,2020-08-31,09:34:52,21900.0,0.0,0.0,21900.0,0.59,21800.0,1.0,21700.0,1.0,21600.0,1,21500.0,1.0,21400.0,1.0,21300.0,1.0,21200.0,1.0,21100.0,1.0,21000.0,1.0,22000.0,1.0,22100.0,1.0,22200.0,1.0,22300.0,1.0,22400.0,1.0,22500.0,1.0,22600.0,1.0,22700.0,1.0,22800.0,1.0,22900.0,1.0
000629.SZ,2020-08-31,09:34:53,21900.0,0.0,0.0,21900.0,0.53,21800.0,1.0,21700.0,1.0,21600.0,1,21500.0,1.0,21400.0,1.0,21300.0,1.0,21200.0,1.0,21100.0,1.0,21000.0,1.0,22000.0,1.0,22100.0,1.0,22200.0,1.0,22300.0,1.0,22400.0,1.0,22500.0,1.0,22600.0,1.0,22700.0,1.0,22800.0,1.0,22900.0,1.0
000629.SZ,2020-08-31,09:34:54,21900.0,0.0,0.0,21900.0,0.53,21800.0,1.0,21700.0,1.0,21600.0,1,21500.0,1.0,21400.0,1.0,21300.0,1.0,21200.0,1.0,21100.0,1.0,21000.0,1.0,22000.0,1.0,22100.0,1.0,22200.0,1.0,22300.0,1.0,22400.0,1.0,22500.0,1.0,22600.0,1.0,22700.0,1.0,22800.0,1.0,22900.0,1.0
000629.SZ,2020-08-31,09:34:55,21900.0,0.0,0.0,21900.0,0.53,21800.0,1.0,21700.0,1.0,21600.0,1,21500.0,1.0,21400.0,1.0,21300.0,1.0,21200.0,1.0,21100.0,1.0,21000.0,1.0,22000.0,1.0,22100.0,1.0,22200.0,1.0,22300.0,1.0,22400.0,1.0,22500.0,1.0,22600.0,1.0,22700.0,1.0,22800.0,1.0,22900.0,1.0
000629.SZ,2020-08-31,09:34:56,21900.0,0.0,0.0,21900.0,0.53,21800.0,1.0,21700.0,1.0,21600.0,1,21500.0,1.0,21400.0,1.0,21300.0,1.0,21200.0,1.0,21100.0,1.0,21000.0,1.0,22000.0,1.0,22100.0,1.0,22200.0,1.0,22300.0,1.0,22400.0,1.0,22500.0,1.0,22600.0,1.0,22700.0,1.0,22800.0,1.0,22900.0,1.0
000629.SZ,2020-08-31,09:34:57,21900.0,0.0,0.0,21900.0,0.53,21800.0,1.0,21700.0,1.0,21600.0,1,21500.0,1.0,21400.0,1.0,21300.0,1.0,21200.0,1.0,21100.0,1.0,21000.0,1.0,22000.0,1.0,22100.0,1.0,22200.0,1.0,22300.0,1.0,22400.0,1.0,22500.0,1.0,22600.0,1.0,22700.0,1.0,22800.0,1.0,22900.0,1.0
000629.SZ,2020-08-31,09:34:58,21900.0,0.0,0.0,21900.0,0.53,21800.0,1.0,21700.0,1.0,21600.0,1,21500.0,1.0,21400.0,1.0,21300.0,1.0,21200.0,1.0,21100.0,1.0,21000.0,1.0,22000.0,1.0,22100.0,1.0,22200.0,1.0,22300.0,1.0,22400.0,1.0,22500.0,1.0,22600.0,1.0,22700.0,1.0,22800.0,1.0,22900.0,1.0
000629.SZ,2020-08-31,09:34:59,21900.0,0.0,0.0,21900.0,0.53,21800.0,1.0,21700.0,1.0,21600.0,1,21500.0,1.0,21400.0,1.0,21300.0,1.0,21200.0,1.0,21100.0,1.0,21000.0,1.0,22000.0,1.0,22100.0,1.0,22200.0,1.0,22300.0,1.0,22400.0,1.0,22500.0,1.0,22600.0,1.0,22700.0,1.0,22800.0,1.0,22900.0,1.0
000629.SZ,2020-08-31,09:35:00,21900.0,0.0,0.0,21900.0,0.53,21800.0,1.0,21700.0,1.0,21600.0,1,21500.0,1.0,21400.0,1.0,21300.0,1.0,21200.0,1.0,21100.0,1.0,21000.0,1.0,22000.0,1.0,22100.0,1.0,22200.0,1.0,22300.0,1.0,22400.0,1.0,22500.0,1.0,22600.0,1.0,22700.0,1.0,22800.0,1.0,22900.0,1.0
000629.SZ,2020-08-31,09:35:01,21900.0,0.0,0.0,21900.0,0.53,21800.0,1.0,21700.0,1.0,21600.0,1,21500.0,1.0,21400.0,1.0,21300.0,1.0,21200.0,1.0,21100.0,1.0,21000.0,1.0,22000.0,1.0,22100.0,1.0,22200.0,1.0,22300.0,1.0,22400.0,1.0,22500.0,1.0,22600.0,1.0,22700.0,1.0,22800.0,1.0,22900.0,1.0
000629.SZ,2020-08-31,09:35:02,21900.0,0.0312925170068027,688.4353741496599,21900.0,0.53,21800.0,1.0,21700.0,1.0,21600.0,1,21500.0,1.0,21400.0,1.0,21300.0,1.0,21200.0,1.0,21100.0,1.0,21000.0,1.0,22000.0,1.0,22100.0,1.0,22200.0,1.0,22300.0,1.0,22400.0,1.0,22500.0,1.0,22600.0,1.0,22700.0,1.0,22800.0,1.0,22900.0,1.0
000629.SZ,2020-08-31,09:35:03,22000.0,0.0,0.0,21900.0,0.53,21800.0,1.0,21700.0,1.0,21600.0,1,21500.0,1.0,21400.0,1.0,21300.0,1.0,21200.0,1.0,21100.0,1.0,21000.0,1.0,22000.0,1.0,22100.0,1.0,22200.0,1.0,22300.0,1.0,22400.0,1.0,22500.0,1.0,22600.0,1.0,22700.0,1.0,22800.0,1.0,22900.0,1.0
000629.SZ,2020-08-31,09:35:04,22000.0,0.001360544217687,29.795918367346932,21900.0,0.53,21800.0,1.0,21700.0,1.0,21600.0,1,21500.0,1.0,21400.0,1.0,21300.0,1.0,21200.0,1.0,21100.0,1.0,21000.0,1.0,22000.0,1.0,22100.0,1.0,22200.0,1.0,22300.0,1.0,22400.0,1.0,22500.0,1.0,22600.0,1.0,22700.0,1.0,22800.0,1.0,22900.0,1.0
000629.SZ,2020-08-31,09:35:05,21900.0,0.0,0.0,21900.0,0.53,21800.0,1.0,21700.0,1.0,21600.0,1,21500.0,1.0,21400.0,1.0,21300.0,1.0,21200.0,1.0,21100.0,1.0,21000.0,1.0,22000.0,1.0,22100.0,1.0,22200.0,1.0,22300.0,1.0,22400.0,1.0,22500.0,1.0,22600.0,1.0,22700.0,1.0,22800.0,1.0,22900.0,1.0
000629.SZ,2020-08-31,09:35:06,21900.0,0.0,0.0,21900.0,0.53,21800.0,1.0,21700.0,1.0,21600.0,1,21500.0,1.0,21400.0,1.0,21300.0,1.0,21200.0,1.0,21100.0,1.0,21000.0,1.0,22000.0,1.0,22100.0,1.0,22200.0,1.0,22300.0,1.0,22400.0,1.0,22500.0,1.0,22600.0,1.0,22700.0,1.0,22800.0,1.0,22900.0,1.0
000629.SZ,2020-08-31,09:35:07,21900.0,0.0285714285714285,628.5714285714286,21900.0,0.53,21800.0,1.0,21700.0,1.0,21600.0,1,21500.0,1.0,21400.0,1.0,21300.0,1.0,21200.0,1.0,21100.0,1.0,21000.0,1.0,22000.0,1.0,22100.0,1.0,22200.0,1.0,22300.0,1.0,22400.0,1.0,22500.0,1.0,22600.0,1.0,22700.0,1.0,22800.0,1.0,22900.0,1.0
000629.SZ,2020-08-31,09:35:08,22000.0,0.019047619047619,417.1428571428572,21900.0,0.5,21800.0,1.0,21700.0,1.0,21600.0,1,21500.0,1.0,21400.0,1.0,21300.0,1.0,21200.0,1.0,21100.0,1.0,21000.0,1.0,22000.0,1.0,22100.0,1.0,22200.0,1.0,22300.0,1.0,22400.0,1.0,22500.0,1.0,22600.0,1.0,22700.0,1.0,22800.0,1.0,22900.0,1.0
000629.SZ,2020-08-31,09:35:09,21900.0,0.0,0.0,21900.0,0.5,21800.0,1.0,21700.0,1.0,21600.0,1,21500.0,1.0,21400.0,1.0,21300.0,1.0,21200.0,1.0,21100.0,1.0,21000.0,1.0,22000.0,1.0,22100.0,1.0,22200.0,1.0,22300.0,1.0,22400.0,1.0,22500.0,1.0,22600.0,1.0,22700.0,1.0,22800.0,1.0,22900.0,1.0
000629.SZ,2020-08-31,09:35:10,21900.0,0.0,0.0,21900.0,0.5,21800.0,1.0,21700.0,1.0,21600.0,1,21500.0,1.0,21400.0,1.0,21300.0,1.0,21200.0,1.0,21100.0,1.0,21000.0,1.0,22000.0,1.0,22100.0,1.0,22200.0,1.0,22300.0,1.0,22400.0,1.0,22500.0,1.0,22600.0,1.0,22700.0,1.0,22800.0,1.0,22900.0,1.0
000629.SZ,2020-08-31,09:35:11,21900.0,0.0,0.0,21900.0,0.5,21800.0,1.0,21700.0,1.0,21600.0,1,21500.0,1.0,21400.0,1.0,21300.0,1.0,21200.0,1.0,21100.0,1.0,21000.0,1.0,22000.0,1.0,22100.0,1.0,22200.0,1.0,22300.0,1.0,22400.0,1.0,22500.0,1.0,22600.0,1.0,22700.0,1.0,22800.0,1.0,22900.0,1.0
000629.SZ,2020-08-31,09:35:12,21900.0,0.0,0.0,21900.0,1.0,21800.0,1.0,21700.0,1.0,21600.0,1,21500.0,1.0,21400.0,1.0,21300.0,1.0,21200.0,1.0,21100.0,1.0,21000.0,1.0,22000.0,1.0,22100.0,1.0,22200.0,1.0,22300.0,1.0,22400.0,1.0,22500.0,1.0,22600.0,1.0,22700.0,1.0,22800.0,1.0,22900.0,1.0
000629.SZ,2020-08-31,09:35:13,21900.0,0.0,0.0,21900.0,1.0,21800.0,1.0,21700.0,1.0,21600.0,1,21500.0,1.0,21400.0,1.0,21300.0,1.0,21200.0,1.0,21100.0,1.0,21000.0,1.0,22000.0,1.0,22100.0,1.0,22200.0,1.0,22300.0,1.0,22400.0,1.0,22500.0,1.0,22600.0,1.0,22700.0,1.0,22800.0,1.0,22900.0,1.0
000629.SZ,2020-08-31,09:35:14,21900.0,0.0,0.0,21900.0,1.0,21800.0,1.0,21700.0,1.0,21600.0,1,21500.0,1.0,21400.0,1.0,21300.0,1.0,21200.0,1.0,21100.0,1.0,21000.0,1.0,22000.0,1.0,22100.0,1.0,22200.0,1.0,22300.0,1.0,22400.0,1.0,22500.0,1.0,22600.0,1.0,22700.0,1.0,22800.0,1.0,22900.0,1.0
000629.SZ,2020-08-31,09:35:15,21900.0,0.0,0.0,21900.0,1.0,21800.0,1.0,21700.0,1.0,21600.0,1,21500.0,1.0,21400.0,1.0,21300.0,1.0,21200.0,1.0,21100.0,1.0,21000.0,1.0,22000.0,1.0,22100.0,1.0,22200.0,1.0,22300.0,1.0,22400.0,1.0,22500.0,1.0,22600.0,1.0,22700.0,1.0,22800.0,1.0,22900.0,1.0
000629.SZ,2020-08-31,09:35:16,21900.0,0.0,0.0,21900.0,1.0,21800.0,1.0,21700.0,1.0,21600.0,1,21500.0,1.0,21400.0,1.0,21300.0,1.0,21200.0,1.0,21100.0,1.0,21000.0,1.0,22000.0,1.0,22100.0,1.0,22200.0,1.0,22300.0,1.0,22400.0,1.0,22500.0,1.0,22600.0,1.0,22700.0,1.0,22800.0,1.0,22900.0,1.0
000629.SZ,2020-08-31,09:35:17,21900.0,0.0,0.0,21900.0,1.0,21800.0,1.0,21700.0,1.0,21600.0,1,21500.0,1.0,21400.0,1.0,21300.0,1.0,21200.0,1.0,21100.0,1.0,21000.0,1.0,22000.0,1.0,22100.0,1.0,22200.0,1.0,22300.0,1.0,22400.0,1.0,22500.0,1.0,22600.0,1.0,22700.0,1.0,22800.0,1.0,22900.0,1.0
000629.SZ,2020-08-31,09:35:18,21900.0,0.6802721088435374,14897.959183673467,21900.0,0.57,21800.0,1.0,21700.0,1.0,21600.0,1,21500.0,1.0,21400.0,1.0,21300.0,1.0,21200.0,1.0,21100.0,1.0,21000.0,1.0,22000.0,1.0,22100.0,1.0,22200.0,1.0,22300.0,1.0,22400.0,1.0,22500.0,1.0,22600.0,1.0,22700.0,1.0,22800.0,1.0,22900.0,1.0
000629.SZ,2020-08-31,09:35:19,21900.0,0.0,0.0,21900.0,0.59,21800.0,1.0,21700.0,1.0,21600.0,1,21500.0,1.0,21400.0,1.0,21300.0,1.0,21200.0,1.0,21100.0,1.0,21000.0,1.0,22000.0,1.0,22100.0,1.0,22200.0,1.0,22300.0,1.0,22400.0,1.0,22500.0,1.0,22600.0,1.0,22700.0,1.0,22800.0,1.0,22900.0,1.0
000629.SZ,2020-08-31,09:35:20,21900.0,0.0299319727891156,655.5102040816327,21900.0,0.55,21800.0,1.0,21700.0,1.0,21600.0,1,21500.0,1.0,21400.0,1.0,21300.0,1.0,21200.0,1.0,21100.0,1.0,21000.0,1.0,22000.0,1.0,22100.0,1.0,22200.0,1.0,22300.0,1.0,22400.0,1.0,22500.0,1.0,22600.0,1.0,22700.0,1.0,22800.0,1.0,22900.0,1.0
000629.SZ,2020-08-31,09:35:21,21900.0,0.0,0.0,21900.0,0.55,21800.0,1.0,21700.0,1.0,21600.0,1,21500.0,1.0,21400.0,1.0,21300.0,1.0,21200.0,1.0,21100.0,1.0,21000.0,1.0,22000.0,1.0,22100.0,1.0,22200.0,1.0,22300.0,1.0,22400.0,1.0,22500.0,1.0,22600.0,1.0,22700.0,1.0,22800.0,1.0,22900.0,1.0
000629.SZ,2020-08-31,09:35:22,21900.0,0.0,0.0,21900.0,0.55,21800.0,1.0,21700.0,1.0,21600.0,1,21500.0,1.0,21400.0,1.0,21300.0,1.0,21200.0,1.0,21100.0,1.0,21000.0,1.0,22000.0,1.0,22100.0,1.0,22200.0,1.0,22300.0,1.0,22400.0,1.0,22500.0,1.0,22600.0,1.0,22700.0,1.0,22800.0,1.0,22900.0,1.0
000629.SZ,2020-08-31,09:35:23,21900.0,0.0,0.0,21900.0,0.55,21800.0,1.0,21700.0,1.0,21600.0,1,21500.0,1.0,21400.0,1.0,21300.0,1.0,21200.0,1.0,21100.0,1.0,21000.0,1.0,22000.0,1.0,22100.0,1.0,22200.0,1.0,22300.0,1.0,22400.0,1.0,22500.0,1.0,22600.0,1.0,22700.0,1.0,22800.0,1.0,22900.0,1.0
000629.SZ,2020-08-31,09:35:24,21900.0,0.0,0.0,21900.0,0.55,21800.0,1.0,21700.0,1.0,21600.0,1,21500.0,1.0,21400.0,1.0,21300.0,1.0,21200.0,1.0,21100.0,1.0,21000.0,1.0,22000.0,1.0,22100.0,1.0,22200.0,1.0,22300.0,1.0,22400.0,1.0,22500.0,1.0,22600.0,1.0,22700.0,1.0,22800.0,1.0,22900.0,1.0
000629.SZ,2020-08-31,09:35:25,21900.0,0.0,0.0,21900.0,0.62,21800.0,1.0,21700.0,1.0,21600.0,1,21500.0,1.0,21400.0,1.0,21300.0,1.0,21200.0,1.0,21100.0,1.0,21000.0,1.0,22000.0,1.0,22100.0,1.0,22200.0,1.0,22300.0,1.0,22400.0,1.0,22500.0,1.0,22600.0,1.0,22700.0,1.0,22800.0,1.0,22900.0,1.0
000629.SZ,2020-08-31,09:35:26,21900.0,0.2,4380.0,21900.0,0.35,21800.0,1.0,21700.0,1.0,21600.0,1,21500.0,1.0,21400.0,1.0,21300.0,1.0,21200.0,1.0,21100.0,1.0,21000.0,1.0,22000.0,1.0,22100.0,1.0,22200.0,1.0,22300.0,1.0,22400.0,1.0,22500.0,1.0,22600.0,1.0,22700.0,1.0,22800.0,1.0,22900.0,1.0
000629.SZ,2020-08-31,09:35:27,21900.0,0.0,0.0,21900.0,0.35,21800.0,1.0,21700.0,1.0,21600.0,1,21500.0,1.0,21400.0,1.0,21300.0,1.0,21200.0,1.0,21100.0,1.0,21000.0,1.0,22000.0,1.0,22100.0,1.0,22200.0,1.0,22300.0,1.0,22400.0,1.0,22500.0,1.0,22600.0,1.0,22700.0,1.0,22800.0,1.0,22900.0,1.0
000629.SZ,2020-08-31,09:35:28,21900.0,0.4081632653061224,8938.775510204081,21800.0,1.0,21700.0,1.0,21600.0,1.0,21500.0,1,21400.0,1.0,21300.0,1.0,21200.0,1.0,21100.0,1.0,21000.0,1.0,20900.0,1.0,21900.0,0.29,22000.0,1.0,22100.0,1.0,22200.0,1.0,22300.0,1.0,22400.0,1.0,22500.0,1.0,22600.0,1.0,22700.0,1.0,22800.0,1.0
000629.SZ,2020-08-31,09:35:29,21900.0,0.0,0.0,21800.0,1.0,21700.0,1.0,21600.0,1.0,21500.0,1,21400.0,1.0,21300.0,1.0,21200.0,1.0,21100.0,1.0,21000.0,1.0,20900.0,1.0,21900.0,0.29,22000.0,1.0,22100.0,1.0,22200.0,1.0,22300.0,1.0,22400.0,1.0,22500.0,1.0,22600.0,1.0,22700.0,1.0,22800.0,1.0
000629.SZ,2020-08-31,09:35:30,21900.0,0.0,0.0,21800.0,1.0,21700.0,1.0,21600.0,1.0,21500.0,1,21400.0,1.0,21300.0,1.0,21200.0,1.0,21100.0,1.0,21000.0,1.0,20900.0,1.0,21900.0,0.29,22000.0,1.0,22100.0,1.0,22200.0,1.0,22300.0,1.0,22400.0,1.0,22500.0,1.0,22600.0,1.0,22700.0,1.0,22800.0,1.0
000629.SZ,2020-08-31,09:35:31,21900.0,0.0462585034013605,1013.061224489796,21800.0,1.0,21700.0,1.0,21600.0,1.0,21500.0,1,21400.0,1.0,21300.0,1.0,21200.0,1.0,21100.0,1.0,21000.0,1.0,20900.0,1.0,21900.0,0.77,22000.0,1.0,22100.0,1.0,22200.0,1.0,22300.0,1.0,22400.0,1.0,22500.0,1.0,22600.0,1.0,22700.0,1.0,22800.0,1.0
000629.SZ,2020-08-31,09:35:32,21900.0,0.0,0.0,21800.0,1.0,21700.0,1.0,21600.0,1.0,21500.0,1,21400.0,1.0,21300.0,1.0,21200.0,1.0,21100.0,1.0,21000.0,1.0,20900.0,1.0,21900.0,0.77,22000.0,1.0,22100.0,1.0,22200.0,1.0,22300.0,1.0,22400.0,1.0,22500.0,1.0,22600.0,1.0,22700.0,1.0,22800.0,1.0
000629.SZ,2020-08-31,09:35:33,21900.0,0.0,0.0,21800.0,1.0,21700.0,1.0,21600.0,1.0,21500.0,1,21400.0,1.0,21300.0,1.0,21200.0,1.0,21100.0,1.0,21000.0,1.0,20900.0,1.0,21900.0,0.77,22000.0,1.0,22100.0,1.0,22200.0,1.0,22300.0,1.0,22400.0,1.0,22500.0,1.0,22600.0,1.0,22700.0,1.0,22800.0,1.0
000629.SZ,2020-08-31,09:35:34,21900.0,0.0,0.0,21800.0,1.0,21700.0,1.0,21600.0,1.0,21500.0,1,21400.0,1.0,21300.0,1.0,21200.0,1.0,21100.0,1.0,21000.0,1.0,20900.0,1.0,21900.0,0.77,22000.0,1.0,22100.0,1.0,22200.0,1.0,22300.0,1.0,22400.0,1.0,22500.0,1.0,22600.0,1.0,22700.0,1.0,22800.0,1.0
000629.SZ,2020-08-31,09:35:35,21900.0,0.0,0.0,21800.0,1.0,21700.0,1.0,21600.0,1.0,21500.0,1,21400.0,1.0,21300.0,1.0,21200.0,1.0,21100.0,1.0,21000.0,1.0,20900.0,1.0,21900.0,0.77,22000.0,1.0,22100.0,1.0,22200.0,1.0,22300.0,1.0,22400.0,1.0,22500.0,1.0,22600.0,1.0,22700.0,1.0,22800.0,1.0
000629.SZ,2020-08-31,09:35:36,21900.0,0.0,0.0,21800.0,1.0,21700.0,1.0,21600.0,1.0,21500.0,1,21400.0,1.0,21300.0,1.0,21200.0,1.0,21100.0,1.0,21000.0,1.0,20900.0,1.0,21900.0,0.77,22000.0,1.0,22100.0,1.0,22200.0,1.0,22300.0,1.0,22400.0,1.0,22500.0,1.0,22600.0,1.0,22700.0,1.0,22800.0,1.0
000629.SZ,2020-08-31,09:35:37,21900.0,0.0,0.0,21800.0,1.0,21700.0,1.0,21600.0,1.0,21500.0,1,21400.0,1.0,21300.0,1.0,21200.0,1.0,21100.0,1.0,21000.0,1.0,20900.0,1.0,21900.0,0.77,22000.0,1.0,22100.0,1.0,22200.0,1.0,22300.0,1.0,22400.0,1.0,22500.0,1.0,22600.0,1.0,22700.0,1.0,22800.0,1.0
