StockCode,DataDate,UpdateTime,LastPrice,Volume,turnover,BidPrice1,BidVolume1,BidPrice2,BidVolume2,BidPrice3,BidVolume3,BidPrice4,BidVolume4,BidPrice5,BidVolume5,BidPrice6,BidVolume6,BidPrice7,BidVolume7,BidPrice8,BidVolume8,BidPrice9,BidVolume9,BidPrice10,BidVolume10,AskPrice1,AskVolume1,AskPrice2,AskVolume2,AskPrice3,AskVolume3,AskPrice4,AskVolume4,AskPrice5,AskVolume5,AskPrice6,AskVolume6,AskPrice7,AskVolume7,AskPrice8,AskVolume8,AskPrice9,AskVolume9,AskPrice10,AskVolume10
000066.SZ,2020-08-03,09:30:39,187000.0,0.0,0.0,186700.0,0.28,186600.0,0.7,186500.0,1.0,186400.0,1.0,186300.0,0.96,186200.0,0.74,186100.0,0.83,186000.0,1.0,185900.0,1.0,185800.0,0.16,187000.0,0.5,187100.0,0.04,187200.0,0.46,187300.0,0.3,187400.0,0.63,187500.0,0.13,187600.0,0.04,187700.0,0.03,187800.0,1.0,187900.0,1.0
000066.SZ,2020-08-03,09:30:40,187000.0,0.0,0.0,186700.0,0.28,186600.0,0.7,186500.0,1.0,186400.0,1.0,186300.0,0.96,186200.0,0.74,186100.0,0.83,186000.0,1.0,185900.0,1.0,185800.0,0.16,187000.0,0.5,187100.0,0.04,187200.0,0.46,187300.0,0.3,187400.0,0.63,187500.0,0.13,187600.0,0.04,187700.0,0.03,187800.0,1.0,187900.0,1.0
000066.SZ,2020-08-03,09:30:41,187000.0,0.0,0.0,186700.0,0.28,186600.0,0.7,186500.0,1.0,186400.0,1.0,186300.0,0.96,186200.0,0.74,186100.0,0.83,186000.0,1.0,185900.0,1.0,185800.0,0.16,187000.0,0.5,187100.0,0.04,187200.0,0.46,187300.0,0.3,187400.0,0.63,187500.0,0.13,187600.0,0.04,187700.0,0.03,187800.0,1.0,187900.0,1.0
000066.SZ,2020-08-03,09:30:42,187000.0,0.0,0.0,186700.0,0.28,186600.0,0.7,186500.0,1.0,186400.0,1.0,186300.0,0.96,186200.0,0.74,186100.0,0.83,186000.0,1.0,185900.0,1.0,185800.0,0.16,187000.0,0.5,187100.0,0.04,187200.0,0.46,187300.0,0.3,187400.0,0.63,187500.0,0.13,187600.0,0.04,187700.0,0.03,187800.0,1.0,187900.0,1.0
000066.SZ,2020-08-03,09:30:43,187000.0,25500.0,4730326500.0,185500.0,1.0,185400.0,0.74,185300.0,0.11,185200.0,0.07,185100.0,0.25,185000.0,1.0,184900.0,0.12,184800.0,0.09,184700.0,0.0,184600.0,0.02,185700.0,0.04,186000.0,0.08,186200.0,0.09,186300.0,0.14,187000.0,0.5,187100.0,0.04,187200.0,0.46,187300.0,0.3,187400.0,0.63,187500.0,0.13
000066.SZ,2020-08-03,09:30:44,185500.0,1900.0,352529800.0,185500.0,1.0,185400.0,0.74,185300.0,0.11,185200.0,0.07,185100.0,0.25,185000.0,1.0,184900.0,0.12,184800.0,0.09,184700.0,0.0,184600.0,0.02,185700.0,0.03,185800.0,0.0,186000.0,0.17,186200.0,0.09,186300.0,0.14,186400.0,0.0,187000.0,0.5,187100.0,0.04,187200.0,0.46,187300.0,0.3
000066.SZ,2020-08-03,09:30:45,185500.0,42600.0,7903365000.0,186000.0,0.48,185800.0,0.01,185500.0,1.0,185400.0,0.74,185300.0,0.11,185200.0,0.07,185100.0,0.25,185000.0,1.0,184900.0,0.12,184800.0,0.09,186200.0,0.09,186300.0,0.26,186400.0,0.01,187000.0,0.54,187100.0,0.04,187200.0,0.48,187300.0,0.3,187400.0,0.63,187500.0,0.13,187600.0,0.04
000066.SZ,2020-08-03,09:30:46,185500.0,65400.0,12149358000.0,185500.0,1.0,185400.0,0.74,185300.0,0.11,185200.0,0.1,185100.0,0.25,185000.0,1.0,184900.0,0.12,184800.0,0.09,184700.0,0.0,184600.0,0.02,186000.0,0.17,186300.0,0.26,186400.0,0.06,186800.0,0.01,187000.0,0.54,187100.0,0.04,187200.0,0.48,187300.0,0.3,187400.0,0.63,187500.0,0.13
000066.SZ,2020-08-03,09:30:47,185500.0,0.0,0.0,185500.0,1.0,185400.0,0.74,185300.0,0.11,185200.0,0.1,185100.0,0.25,185000.0,1.0,184900.0,0.12,184800.0,0.09,184700.0,0.0,184600.0,0.02,185700.0,0.23,186000.0,0.25,186200.0,0.01,186300.0,0.26,186400.0,0.14,186500.0,0.01,186800.0,0.01,187000.0,0.54,187100.0,0.04,187200.0,0.48
000066.SZ,2020-08-03,09:30:48,185500.0,141800.0,26301205800.0,185400.0,0.06,185300.0,0.11,185200.0,0.1,185100.0,0.25,185000.0,1.0,184900.0,0.12,184800.0,0.09,184700.0,0.0,184600.0,0.02,184500.0,0.87,185500.0,1.0,186000.0,0.29,186200.0,0.01,186300.0,0.33,186400.0,0.14,186500.0,0.02,186800.0,0.01,187000.0,0.54,187100.0,0.04,187200.0,0.48
000066.SZ,2020-08-03,09:30:49,185500.0,0.0,0.0,185100.0,0.25,185000.0,1.0,184900.0,0.12,184800.0,0.09,184700.0,0.0,184600.0,0.02,184500.0,0.87,184400.0,0.0,184200.0,0.0,184100.0,0.0,185300.0,0.16,185500.0,1.0,186000.0,0.47,186200.0,0.01,186300.0,0.61,186400.0,0.14,186500.0,0.02,186800.0,0.01,187000.0,0.55,187100.0,0.04
000066.SZ,2020-08-03,09:30:50,185500.0,57400.0,10639836200.0,185000.0,1.0,184900.0,0.12,184800.0,0.09,184700.0,0.0,184600.0,0.02,184500.0,0.87,184400.0,0.0,184200.0,0.0,184100.0,0.0,184000.0,0.45,185500.0,1.0,186000.0,0.54,186200.0,0.01,186300.0,0.61,186400.0,0.15,186500.0,0.02,186800.0,0.01,187000.0,0.55,187100.0,0.04,187200.0,0.48
000066.SZ,2020-08-03,09:30:51,185500.0,0.0,0.0,185000.0,1.0,184900.0,0.12,184800.0,0.09,184700.0,0.0,184600.0,0.02,184500.0,0.87,184400.0,0.0,184200.0,0.0,184100.0,0.0,184000.0,0.45,185100.0,0.01,185400.0,0.19,185500.0,1.0,186000.0,0.56,186200.0,0.01,186300.0,0.61,186400.0,0.15,186500.0,0.02,186800.0,0.01,187000.0,0.61
000066.SZ,2020-08-03,09:30:52,185500.0,0.0,0.0,185000.0,1.0,184900.0,0.12,184800.0,0.09,184700.0,0.0,184600.0,0.02,184500.0,0.87,184400.0,0.0,184200.0,0.0,184100.0,0.0,184000.0,0.45,185100.0,0.02,185300.0,0.09,185400.0,0.19,185500.0,1.0,185600.0,0.52,186000.0,0.57,186200.0,0.01,186300.0,0.61,186400.0,0.15,186500.0,0.02
000066.SZ,2020-08-03,09:30:53,185500.0,71400.0,13216711200.0,185000.0,0.61,184900.0,0.12,184800.0,0.09,184700.0,0.0,184600.0,0.02,184500.0,0.87,184400.0,0.0,184200.0,0.0,184100.0,0.0,184000.0,0.45,185500.0,1.0,185600.0,0.52,186000.0,0.47,186200.0,0.01,186300.0,0.63,186400.0,0.15,186500.0,0.02,186800.0,0.04,187000.0,0.61,187100.0,0.04
000066.SZ,2020-08-03,09:30:54,185100.0,0.0,0.0,184800.0,0.09,184700.0,0.0,184600.0,0.02,184500.0,0.87,184400.0,0.0,184200.0,0.0,184100.0,0.0,184000.0,0.45,183900.0,0.01,183800.0,0.14,184900.0,1.0,185000.0,0.11,185300.0,0.14,185500.0,1.0,185600.0,0.52,186000.0,0.47,186200.0,0.01,186300.0,0.63,186400.0,0.15,186500.0,0.06
000066.SZ,2020-08-03,09:30:55,185100.0,0.0,0.0,184800.0,0.09,184700.0,0.0,184600.0,0.02,184500.0,0.87,184400.0,0.0,184200.0,0.0,184100.0,0.0,184000.0,0.45,183900.0,0.01,183800.0,0.14,184900.0,1.0,185000.0,0.3,185200.0,0.02,185300.0,0.14,185400.0,0.01,185500.0,1.0,185600.0,0.52,186000.0,0.47,186200.0,0.01,186300.0,0.63
000066.SZ,2020-08-03,09:30:56,185100.0,0.0,0.0,184800.0,0.09,184700.0,0.0,184600.0,0.02,184500.0,0.87,184400.0,0.0,184300.0,0.07,184200.0,0.07,184100.0,0.0,184000.0,0.45,183900.0,0.01,184900.0,1.0,185000.0,0.35,185100.0,0.0,185200.0,0.32,185300.0,0.23,185400.0,0.01,185500.0,1.0,185600.0,0.52,186000.0,0.47,186200.0,0.01
000066.SZ,2020-08-03,09:30:57,185100.0,0.0,0.0,184800.0,0.09,184700.0,0.0,184600.0,0.02,184500.0,0.87,184400.0,0.0,184300.0,0.07,184200.0,0.07,184100.0,0.0,184000.0,0.45,183900.0,0.01,184900.0,1.0,185000.0,0.36,185100.0,0.0,185200.0,0.32,185300.0,0.55,185400.0,0.02,185500.0,1.0,185600.0,0.52,185700.0,0.01,186000.0,0.47
000066.SZ,2020-08-03,09:30:58,185100.0,0.0,0.0,184800.0,0.1,184700.0,0.0,184600.0,0.02,184500.0,0.87,184400.0,0.0,184300.0,0.07,184200.0,0.07,184100.0,0.0,184000.0,0.45,183900.0,0.01,184900.0,1.0,185000.0,1.0,185100.0,0.0,185200.0,0.32,185300.0,0.94,185400.0,0.03,185500.0,1.0,185600.0,0.52,185700.0,0.01,186000.0,0.47
000066.SZ,2020-08-03,09:30:59,185100.0,281700.0,52075062000.0,184300.0,0.01,184000.0,0.45,183900.0,0.01,183800.0,0.14,183700.0,0.07,183600.0,0.21,183500.0,0.2,183300.0,0.04,183200.0,0.04,183100.0,0.1,184600.0,0.0,184800.0,0.1,184900.0,0.44,185000.0,1.0,185100.0,0.0,185200.0,0.39,185300.0,0.96,185400.0,0.03,185500.0,1.0,185600.0,0.52
000066.SZ,2020-08-03,09:31:00,184500.0,4500.0,829728000.0,184000.0,0.45,183900.0,0.01,183800.0,0.14,183700.0,0.07,183600.0,0.21,183500.0,0.2,183300.0,0.04,183200.0,0.04,183100.0,0.1,183000.0,1.0,184300.0,0.03,184400.0,0.04,184600.0,0.0,184800.0,0.23,184900.0,0.45,185000.0,1.0,185100.0,0.0,185200.0,0.39,185300.0,1.0,185400.0,0.03
000066.SZ,2020-08-03,09:31:01,184300.0,29500.0,5447381500.0,184400.0,0.07,184000.0,0.45,183900.0,0.01,183800.0,0.14,183700.0,0.07,183600.0,0.21,183500.0,0.2,183300.0,0.04,183200.0,0.04,183100.0,0.1,184800.0,0.21,184900.0,0.45,185000.0,1.0,185100.0,0.0,185200.0,0.39,185300.0,1.0,185400.0,0.03,185500.0,1.0,185600.0,0.52,185700.0,0.01
000066.SZ,2020-08-03,09:31:02,184800.0,37000.0,6814660000.0,184600.0,0.05,184000.0,0.15,183900.0,0.01,183800.0,0.14,183700.0,0.07,183600.0,0.21,183500.0,0.2,183300.0,0.04,183200.0,0.04,183100.0,0.1,184700.0,0.05,184800.0,0.42,184900.0,0.45,185000.0,1.0,185100.0,0.0,185200.0,0.32,185300.0,0.97,185400.0,0.03,185500.0,1.0,185600.0,0.52
000066.SZ,2020-08-03,09:31:03,184600.0,12100.0,2232558900.0,184300.0,0.29,184100.0,0.05,184000.0,0.16,183900.0,0.01,183800.0,0.14,183700.0,0.07,183600.0,0.21,183500.0,0.2,183300.0,0.04,183200.0,0.04,184700.0,0.03,184800.0,0.41,184900.0,0.45,185000.0,1.0,185100.0,0.0,185200.0,0.3,185300.0,0.94,185400.0,0.03,185500.0,1.0,185600.0,0.52
000066.SZ,2020-08-03,09:31:04,184700.0,21400.0,3943977200.0,184100.0,0.88,184000.0,0.18,183900.0,0.01,183800.0,0.14,183700.0,0.07,183600.0,0.21,183500.0,0.2,183300.0,0.04,183200.0,0.04,183100.0,0.1,184200.0,0.08,184300.0,0.01,184700.0,0.03,184800.0,0.42,184900.0,0.54,185000.0,1.0,185100.0,0.0,185200.0,0.3,185300.0,1.0,185400.0,0.03
000066.SZ,2020-08-03,09:31:05,184200.0,30700.0,5657211800.0,184600.0,0.29,184300.0,0.02,184200.0,0.04,184100.0,0.72,184000.0,0.22,183900.0,0.01,183800.0,0.14,183700.0,0.07,183600.0,0.21,183500.0,0.2,184700.0,0.09,184800.0,0.4,184900.0,0.54,185000.0,1.0,185100.0,0.0,185200.0,0.3,185300.0,1.0,185400.0,0.03,185500.0,0.44,185600.0,0.52
000066.SZ,2020-08-03,09:31:06,184600.0,24900.0,4597461300.0,184200.0,0.11,184100.0,0.81,184000.0,0.22,183900.0,0.01,183800.0,0.14,183700.0,0.07,183600.0,0.21,183500.0,0.2,183300.0,0.04,183200.0,0.04,184800.0,0.4,184900.0,0.54,185000.0,1.0,185100.0,0.01,185200.0,0.14,185300.0,0.89,185400.0,0.03,185500.0,0.44,185600.0,0.52,185700.0,0.01
000066.SZ,2020-08-03,09:31:07,184400.0,30500.0,5619899500.0,184100.0,1.0,184000.0,0.36,183900.0,0.01,183800.0,0.14,183700.0,0.07,183600.0,0.21,183500.0,0.2,183300.0,0.04,183200.0,0.04,183100.0,0.1,184200.0,0.08,184300.0,0.07,184600.0,0.69,184700.0,0.22,184800.0,0.4,184900.0,0.54,185000.0,1.0,185100.0,0.01,185200.0,0.14,185300.0,0.88
000066.SZ,2020-08-03,09:31:08,184300.0,23600.0,4346836800.0,184100.0,1.0,184000.0,0.36,183900.0,0.01,183800.0,0.14,183700.0,0.07,183600.0,0.21,183500.0,0.2,183300.0,0.04,183200.0,0.04,183100.0,0.13,184200.0,0.07,184300.0,0.15,184600.0,0.69,184700.0,0.22,184800.0,0.4,184900.0,0.54,185000.0,1.0,185100.0,0.01,185200.0,0.14,185300.0,0.87
000066.SZ,2020-08-03,09:31:09,184200.0,49800.0,9174554400.0,184400.0,0.02,184300.0,0.03,184100.0,1.0,184000.0,0.37,183900.0,0.01,183800.0,0.14,183700.0,0.07,183600.0,0.21,183500.0,0.2,183300.0,0.04,184600.0,0.61,184700.0,0.22,184800.0,0.4,184900.0,0.2,185000.0,1.0,185100.0,0.01,185200.0,0.14,185300.0,0.87,185400.0,0.01,185500.0,0.4
000066.SZ,2020-08-03,09:31:10,184400.0,22700.0,4184200200.0,184300.0,0.2,184200.0,0.89,184100.0,1.0,184000.0,0.37,183900.0,0.01,183800.0,0.14,183700.0,0.07,183600.0,0.21,183500.0,0.2,183300.0,0.04,184500.0,0.02,184600.0,0.61,184700.0,0.11,184800.0,0.4,184900.0,0.2,185000.0,1.0,185100.0,0.01,185200.0,0.14,185300.0,0.87,185400.0,0.01
000066.SZ,2020-08-03,09:31:11,184300.0,22000.0,4057020000.0,184300.0,0.02,184200.0,1.0,184100.0,1.0,184000.0,0.37,183900.0,0.01,183800.0,0.14,183700.0,0.07,183600.0,0.21,183500.0,0.2,183300.0,0.04,184600.0,0.51,184700.0,0.11,184800.0,0.4,184900.0,0.2,185000.0,1.0,185100.0,0.01,185200.0,0.14,185300.0,0.87,185400.0,0.01,185500.0,0.38
000066.SZ,2020-08-03,09:31:12,184300.0,36800.0,6782092800.0,184200.0,0.74,184100.0,1.0,184000.0,0.37,183900.0,0.01,183800.0,0.14,183700.0,0.07,183600.0,0.21,183500.0,0.2,183300.0,0.04,183200.0,0.04,184300.0,0.02,184400.0,0.02,184600.0,0.42,184700.0,0.11,184800.0,0.39,184900.0,0.2,185000.0,1.0,185100.0,0.01,185200.0,0.14,185300.0,0.87
000066.SZ,2020-08-03,09:31:13,184300.0,66400.0,12249339200.0,184600.0,0.22,184500.0,0.02,184300.0,0.01,184200.0,0.63,184100.0,1.0,184000.0,0.55,183900.0,0.01,183800.0,0.14,183700.0,0.07,183600.0,0.21,184700.0,0.07,184800.0,0.39,184900.0,0.2,185000.0,1.0,185100.0,0.01,185200.0,0.14,185300.0,0.86,185400.0,0.01,185500.0,0.34,185600.0,0.52
000066.SZ,2020-08-03,09:31:14,184600.0,21500.0,3968685000.0,184200.0,0.63,184100.0,1.0,184000.0,0.55,183900.0,0.01,183800.0,0.14,183700.0,0.07,183600.0,0.21,183500.0,0.2,183300.0,0.04,183200.0,0.04,184400.0,0.01,184700.0,0.08,184800.0,0.39,184900.0,0.19,185000.0,1.0,185100.0,0.01,185200.0,0.15,185300.0,0.86,185400.0,0.01,185500.0,0.34
000066.SZ,2020-08-03,09:31:15,184500.0,19000.0,3504018000.0,184500.0,0.0,184400.0,0.07,184300.0,0.04,184200.0,0.65,184100.0,1.0,184000.0,0.66,183900.0,0.01,183800.0,0.15,183700.0,0.07,183600.0,0.21,184700.0,0.07,184800.0,0.39,184900.0,0.19,185000.0,1.0,185100.0,0.01,185200.0,0.15,185300.0,0.86,185400.0,0.01,185500.0,0.33,185600.0,0.52
000066.SZ,2020-08-03,09:31:16,184500.0,178000.0,32781726000.0,184600.0,0.03,184500.0,0.01,184400.0,0.1,184300.0,0.02,184000.0,0.56,183900.0,0.01,183800.0,0.15,183700.0,0.07,183600.0,0.21,183500.0,0.2,184800.0,0.4,184900.0,0.09,185000.0,1.0,185100.0,0.01,185200.0,0.15,185300.0,0.86,185400.0,0.01,185500.0,0.33,185600.0,0.52,185700.0,0.01
000066.SZ,2020-08-03,09:31:17,184500.0,90000.0,16579350000.0,184300.0,0.01,183900.0,0.0,183800.0,0.15,183700.0,0.07,183600.0,0.21,183500.0,0.2,183300.0,0.04,183200.0,0.04,183100.0,0.17,183000.0,1.0,184400.0,0.21,184800.0,0.24,184900.0,0.09,185000.0,0.07,185100.0,0.01,185200.0,0.15,185300.0,0.86,185400.0,0.01,185500.0,0.3,185600.0,0.52
000066.SZ,2020-08-03,09:31:18,183900.0,18200.0,3350492600.0,183800.0,0.13,183700.0,0.07,183600.0,0.21,183500.0,0.2,183300.0,0.04,183200.0,0.04,183100.0,0.17,183000.0,1.0,182900.0,0.01,182800.0,0.19,184000.0,0.93,184200.0,0.09,184300.0,0.03,184400.0,0.48,184500.0,0.02,184800.0,0.24,184900.0,0.09,185000.0,0.08,185100.0,0.01,185200.0,0.15
000066.SZ,2020-08-03,09:31:19,184000.0,19600.0,3606341200.0,183800.0,0.13,183700.0,0.07,183600.0,0.21,183500.0,0.2,183300.0,0.04,183200.0,0.04,183100.0,0.17,183000.0,1.0,182900.0,0.01,182800.0,0.19,184000.0,0.73,184200.0,0.1,184300.0,0.04,184400.0,0.53,184500.0,0.04,184700.0,0.2,184800.0,0.17,184900.0,0.09,185000.0,0.09,185100.0,0.01
000066.SZ,2020-08-03,09:31:20,184000.0,13900.0,2557600000.0,183800.0,0.13,183700.0,0.07,183600.0,0.21,183500.0,0.23,183300.0,0.04,183200.0,0.04,183100.0,0.17,183000.0,1.0,182900.0,0.01,182800.0,0.19,184000.0,0.54,184200.0,0.18,184300.0,0.06,184400.0,0.55,184500.0,0.04,184700.0,0.2,184800.0,0.17,184900.0,0.09,185000.0,0.09,185100.0,0.01
000066.SZ,2020-08-03,09:31:21,184000.0,8600.0,1582374200.0,183800.0,0.14,183700.0,0.07,183600.0,0.21,183500.0,0.24,183300.0,0.02,183200.0,0.03,183100.0,0.17,183000.0,1.0,182900.0,0.01,182800.0,0.19,184000.0,0.42,184200.0,0.18,184300.0,0.06,184400.0,0.56,184500.0,0.04,184700.0,0.2,184800.0,0.17,184900.0,0.09,185000.0,0.09,185100.0,0.01
000066.SZ,2020-08-03,09:31:22,184000.0,52900.0,9726723000.0,183800.0,0.0,183600.0,0.21,183500.0,0.24,183300.0,0.02,183200.0,0.03,183100.0,0.17,183000.0,1.0,182900.0,0.01,182800.0,0.19,182700.0,0.01,184000.0,0.19,184200.0,0.25,184300.0,0.16,184400.0,0.56,184500.0,0.04,184700.0,0.2,184800.0,0.17,184900.0,0.09,185000.0,0.09,185100.0,0.01
000066.SZ,2020-08-03,09:31:23,183800.0,4500.0,827559000.0,184000.0,0.99,183600.0,0.21,183500.0,0.24,183300.0,0.02,183200.0,0.03,183100.0,0.17,183000.0,1.0,182900.0,0.01,182800.0,0.19,182700.0,0.01,184200.0,0.25,184300.0,0.16,184400.0,0.56,184500.0,0.08,184700.0,0.2,184800.0,0.17,184900.0,0.09,185000.0,0.1,185100.0,0.01,185200.0,0.15
000066.SZ,2020-08-03,09:31:24,184000.0,82400.0,15161270400.0,183600.0,0.17,183500.0,0.24,183300.0,0.02,183200.0,0.03,183100.0,0.17,183000.0,1.0,182900.0,0.01,182800.0,0.19,182700.0,0.01,182600.0,0.06,184200.0,0.09,184300.0,0.16,184400.0,0.56,184500.0,0.08,184700.0,0.2,184800.0,0.17,184900.0,0.09,185000.0,0.1,185100.0,0.01,185200.0,0.15
000066.SZ,2020-08-03,09:31:25,184200.0,15300.0,2815873200.0,184000.0,0.05,183900.0,0.0,183600.0,0.17,183500.0,0.24,183300.0,0.02,183200.0,0.03,183100.0,0.17,183000.0,1.0,182900.0,0.01,182800.0,0.19,184200.0,0.05,184300.0,0.18,184400.0,0.64,184500.0,0.08,184700.0,0.2,184800.0,0.17,184900.0,0.09,185000.0,0.11,185100.0,0.01,185200.0,0.15
000066.SZ,2020-08-03,09:31:26,184000.0,39800.0,7309668000.0,183600.0,0.01,183500.0,0.08,183300.0,0.02,183200.0,0.03,183100.0,0.18,183000.0,1.0,182900.0,0.01,182800.0,0.19,182700.0,0.01,182600.0,0.06,184200.0,0.02,184300.0,0.18,184400.0,0.65,184500.0,0.08,184700.0,0.2,184800.0,0.17,184900.0,0.09,185000.0,0.11,185100.0,0.01,185200.0,0.15
000066.SZ,2020-08-03,09:31:27,184000.0,0.0,0.0,183500.0,0.08,183300.0,0.02,183200.0,0.03,183100.0,0.18,183000.0,1.0,182900.0,0.01,182800.0,0.19,182700.0,0.01,182600.0,0.06,182500.0,0.19,183600.0,0.39,183900.0,0.05,184000.0,0.01,184200.0,0.02,184300.0,0.18,184400.0,0.65,184500.0,0.08,184700.0,0.2,184800.0,0.17,184900.0,0.09
000066.SZ,2020-08-03,09:31:28,184000.0,37600.0,6906255200.0,183500.0,0.08,183300.0,0.02,183200.0,0.03,183100.0,0.19,183000.0,1.0,182900.0,0.01,182800.0,0.19,182700.0,0.01,182600.0,0.06,182500.0,0.19,183900.0,0.09,184000.0,0.24,184200.0,0.02,184300.0,0.18,184400.0,0.62,184500.0,0.08,184700.0,0.2,184800.0,0.17,184900.0,0.09,185000.0,0.11
000066.SZ,2020-08-03,09:31:29,183900.0,11800.0,2169524400.0,183700.0,0.0,183600.0,0.05,183500.0,0.15,183300.0,0.02,183200.0,0.03,183100.0,0.19,183000.0,1.0,182900.0,0.01,182800.0,0.19,182700.0,0.01,183800.0,0.05,183900.0,0.03,184000.0,0.35,184200.0,0.07,184300.0,0.18,184400.0,0.62,184500.0,0.08,184700.0,0.2,184800.0,0.17,184900.0,0.09
000066.SZ,2020-08-03,09:31:30,183800.0,30300.0,5568109800.0,183600.0,0.07,183500.0,0.23,183300.0,0.02,183200.0,0.72,183100.0,0.19,183000.0,1.0,182900.0,0.01,182800.0,0.19,182700.0,0.01,182600.0,0.06,184000.0,0.3,184200.0,0.07,184300.0,0.2,184400.0,0.62,184500.0,0.08,184600.0,0.08,184700.0,0.2,184800.0,0.17,184900.0,0.09,185000.0,0.11
000066.SZ,2020-08-03,09:31:31,184000.0,29500.0,5426082500.0,183800.0,0.18,183600.0,0.08,183500.0,0.23,183300.0,0.02,183200.0,0.72,183100.0,0.19,183000.0,1.0,182900.0,0.01,182800.0,0.19,182700.0,0.01,184000.0,0.19,184200.0,0.07,184300.0,0.18,184400.0,0.62,184500.0,0.06,184600.0,0.08,184700.0,0.2,184800.0,0.17,184900.0,0.09,185000.0,0.11
000066.SZ,2020-08-03,09:31:32,184000.0,24600.0,4523767800.0,183600.0,0.12,183500.0,0.23,183300.0,0.04,183200.0,0.74,183100.0,0.19,183000.0,1.0,182900.0,0.01,182800.0,0.19,182700.0,0.01,182600.0,0.06,184000.0,0.27,184200.0,0.07,184300.0,0.18,184400.0,0.62,184500.0,0.06,184600.0,0.08,184700.0,0.2,184800.0,0.17,184900.0,0.09,185000.0,0.11
000066.SZ,2020-08-03,09:31:33,183800.0,8700.0,1598198700.0,183700.0,0.21,183600.0,0.06,183500.0,0.26,183300.0,0.04,183200.0,0.74,183100.0,0.19,183000.0,1.0,182900.0,0.01,182800.0,0.19,182700.0,0.01,184000.0,0.27,184200.0,0.07,184300.0,0.18,184400.0,0.62,184500.0,0.06,184600.0,0.08,184700.0,0.2,184800.0,0.17,184900.0,0.09,185000.0,0.11
000066.SZ,2020-08-03,09:31:34,183600.0,31300.0,5751406300.0,183500.0,0.27,183300.0,0.04,183200.0,0.74,183100.0,0.19,183000.0,1.0,182900.0,0.04,182800.0,0.19,182700.0,0.01,182600.0,0.06,182500.0,0.19,183600.0,0.4,183800.0,0.0,184000.0,0.21,184200.0,0.07,184300.0,0.18,184400.0,0.62,184500.0,0.06,184600.0,0.08,184700.0,0.2,184800.0,0.17
000066.SZ,2020-08-03,09:31:35,183600.0,58200.0,10698498600.0,183500.0,0.29,183300.0,0.04,183200.0,0.74,183100.0,0.19,183000.0,1.0,182900.0,0.04,182800.0,0.19,182700.0,0.01,182600.0,0.06,182500.0,0.2,184200.0,0.01,184300.0,0.18,184400.0,0.53,184500.0,0.06,184600.0,0.08,184700.0,0.2,184800.0,0.17,184900.0,0.09,185000.0,0.11,185200.0,0.15
000066.SZ,2020-08-03,09:31:36,183500.0,3000.0,550929000.0,183500.0,0.27,183300.0,0.04,183200.0,0.74,183100.0,0.19,183000.0,1.0,182900.0,0.04,182800.0,0.19,182700.0,0.01,182600.0,0.06,182500.0,0.2,183600.0,0.04,183800.0,0.03,183900.0,0.15,184200.0,0.01,184300.0,0.18,184400.0,0.54,184500.0,0.06,184600.0,0.08,184700.0,0.2,184800.0,0.17
000066.SZ,2020-08-03,09:31:37,183800.0,13300.0,2441520900.0,183300.0,0.04,183200.0,0.74,183100.0,0.19,183000.0,1.0,182900.0,0.04,182800.0,0.19,182700.0,0.01,182600.0,0.06,182500.0,0.2,182200.0,0.02,183500.0,0.3,183600.0,0.01,183800.0,0.04,183900.0,0.15,184000.0,0.02,184200.0,0.01,184300.0,0.2,184400.0,0.54,184500.0,0.06,184600.0,0.08
000066.SZ,2020-08-03,09:31:38,183600.0,46700.0,8582105700.0,183400.0,0.0,183300.0,0.04,183200.0,0.74,183100.0,0.19,183000.0,1.0,182900.0,0.04,182800.0,0.19,182700.0,0.01,182600.0,0.06,182500.0,0.2,183500.0,0.31,183600.0,0.02,183900.0,0.06,184000.0,0.02,184200.0,0.01,184300.0,0.2,184400.0,0.52,184500.0,0.06,184600.0,0.08,184700.0,0.2
000066.SZ,2020-08-03,09:31:39,183800.0,92200.0,16919161000.0,183200.0,0.57,183100.0,0.19,183000.0,1.0,182900.0,0.04,182800.0,0.19,182700.0,0.01,182600.0,0.06,182500.0,0.2,182200.0,0.02,182100.0,0.17,183300.0,0.14,183500.0,0.4,183600.0,0.04,183800.0,0.3,183900.0,0.06,184000.0,0.02,184200.0,0.02,184300.0,0.2,184400.0,0.51,184500.0,0.06
000066.SZ,2020-08-03,09:31:40,183200.0,0.0,0.0,183800.0,0.7,183600.0,0.1,183500.0,0.01,183400.0,0.01,183300.0,0.17,183200.0,0.57,183100.0,0.19,183000.0,1.0,182900.0,0.04,182800.0,0.19,183900.0,0.06,184000.0,0.02,184200.0,0.02,184300.0,0.2,184400.0,0.51,184500.0,0.07,184600.0,0.08,184700.0,0.2,184800.0,0.17,184900.0,0.09
000066.SZ,2020-08-03,09:31:41,183200.0,106200.0,19484514000.0,183500.0,0.03,183300.0,0.7,183200.0,0.2,183100.0,0.19,183000.0,1.0,182900.0,0.04,182800.0,0.19,182700.0,0.01,182600.0,0.13,182500.0,0.2,183600.0,0.04,183700.0,0.02,183900.0,0.06,184000.0,0.02,184200.0,0.02,184300.0,0.2,184400.0,0.51,184500.0,0.07,184600.0,0.08,184700.0,0.2
000066.SZ,2020-08-03,09:31:42,183900.0,31600.0,5802012800.0,183500.0,0.02,183300.0,0.7,183200.0,0.2,183100.0,0.19,183000.0,1.0,182900.0,0.04,182800.0,0.19,182700.0,0.01,182600.0,0.13,182500.0,0.2,183600.0,0.01,183900.0,0.06,184000.0,0.02,184200.0,0.02,184300.0,0.2,184400.0,0.51,184500.0,0.07,184600.0,0.08,184700.0,0.2,184800.0,0.17
000066.SZ,2020-08-03,09:31:43,183600.0,0.0,0.0,183800.0,0.28,183600.0,0.21,183500.0,0.03,183300.0,0.71,183200.0,0.2,183100.0,0.2,183000.0,1.0,182900.0,0.04,182800.0,0.19,182700.0,0.01,183900.0,0.06,184000.0,0.02,184200.0,0.02,184300.0,0.2,184400.0,0.51,184500.0,0.07,184600.0,0.08,184700.0,0.2,184800.0,0.17,184900.0,0.09
000066.SZ,2020-08-03,09:31:44,183600.0,44400.0,8153394000.0,183600.0,0.04,183500.0,0.07,183300.0,0.74,183200.0,0.2,183100.0,0.19,183000.0,1.0,182900.0,0.04,182800.0,0.19,182700.0,0.01,182600.0,0.13,183800.0,0.14,183900.0,0.06,184000.0,0.0,184200.0,0.02,184300.0,0.2,184400.0,0.5,184500.0,0.07,184600.0,0.08,184700.0,0.2,184800.0,0.17
000066.SZ,2020-08-03,09:31:45,183500.0,0.0,0.0,184000.0,0.49,183800.0,0.04,183600.0,0.19,183500.0,0.08,183400.0,0.01,183300.0,0.76,183200.0,0.21,183100.0,0.19,183000.0,1.0,182900.0,0.04,184200.0,0.02,184300.0,0.2,184400.0,0.5,184500.0,0.07,184600.0,0.08,184700.0,0.2,184800.0,0.17,184900.0,0.09,185000.0,0.14,185200.0,0.15
000066.SZ,2020-08-03,09:31:46,183500.0,48600.0,8933214600.0,183600.0,0.05,183500.0,0.01,183400.0,0.01,183300.0,0.77,183200.0,0.22,183100.0,0.2,183000.0,1.0,182900.0,0.05,182800.0,0.19,182700.0,0.01,184100.0,0.04,184200.0,0.02,184300.0,0.15,184400.0,0.5,184500.0,0.07,184600.0,0.08,184700.0,0.2,184800.0,0.17,184900.0,0.09,185000.0,0.14
000066.SZ,2020-08-03,09:31:47,184000.0,6800.0,1249935200.0,183600.0,0.07,183500.0,0.01,183400.0,0.03,183300.0,0.79,183200.0,0.22,183100.0,0.23,183000.0,1.0,182900.0,0.05,182800.0,0.21,182700.0,0.01,184000.0,0.15,184100.0,0.04,184200.0,0.02,184300.0,0.15,184400.0,0.5,184500.0,0.07,184600.0,0.08,184700.0,0.0,184800.0,0.17,184900.0,0.09
000066.SZ,2020-08-03,09:31:48,183800.0,39400.0,7236322200.0,183400.0,0.03,183300.0,0.81,183200.0,0.22,183100.0,0.25,183000.0,1.0,182900.0,0.05,182800.0,0.21,182700.0,0.01,182600.0,0.13,182500.0,0.2,183800.0,0.04,183900.0,0.18,184200.0,0.03,184300.0,0.15,184400.0,0.5,184500.0,0.07,184600.0,0.08,184700.0,0.0,184800.0,0.17,184900.0,0.09
000066.SZ,2020-08-03,09:31:49,183800.0,0.0,0.0,183400.0,0.04,183300.0,0.81,183200.0,0.22,183100.0,0.25,183000.0,1.0,182900.0,0.05,182800.0,0.21,182700.0,0.01,182600.0,0.13,182500.0,0.2,183500.0,0.14,183700.0,0.04,183800.0,0.05,183900.0,0.18,184000.0,0.01,184200.0,0.03,184300.0,0.15,184400.0,0.5,184500.0,0.07,184600.0,0.08
000066.SZ,2020-08-03,09:31:50,183800.0,17400.0,3194779200.0,183400.0,0.04,183300.0,0.89,183200.0,0.22,183100.0,0.25,183000.0,1.0,182900.0,0.05,182800.0,0.21,182700.0,0.01,182600.0,0.13,182500.0,0.2,183500.0,0.24,183800.0,0.01,183900.0,0.07,184000.0,0.02,184200.0,0.03,184300.0,0.14,184400.0,0.28,184500.0,0.07,184600.0,0.08,184700.0,0.0
000066.SZ,2020-08-03,09:31:51,183800.0,44800.0,8215020800.0,183300.0,0.55,183200.0,0.23,183100.0,0.27,183000.0,1.0,182900.0,0.05,182800.0,0.21,182700.0,0.01,182600.0,0.13,182500.0,0.2,182200.0,0.02,183500.0,0.12,183600.0,0.0,183800.0,0.01,183900.0,0.07,184000.0,0.02,184200.0,0.04,184300.0,0.12,184400.0,0.28,184500.0,0.07,184600.0,0.08
000066.SZ,2020-08-03,09:31:52,183500.0,26900.0,4939055200.0,183400.0,0.01,183300.0,0.57,183200.0,0.23,183100.0,0.27,183000.0,1.0,182900.0,0.05,182800.0,0.21,182700.0,0.01,182600.0,0.13,182500.0,0.2,183500.0,0.06,183900.0,0.06,184000.0,0.08,184200.0,0.04,184300.0,0.12,184400.0,0.28,184500.0,0.07,184600.0,0.08,184700.0,0.01,184800.0,0.16
000066.SZ,2020-08-03,09:31:53,183500.0,21100.0,3876091100.0,183900.0,0.03,183600.0,0.07,183400.0,0.02,183300.0,0.58,183200.0,0.23,183100.0,0.27,183000.0,1.0,182900.0,0.05,182800.0,0.26,182700.0,0.01,184000.0,0.05,184200.0,0.04,184300.0,0.12,184400.0,0.28,184500.0,0.07,184600.0,0.08,184700.0,0.01,184800.0,0.16,184900.0,0.09,185000.0,0.14
000066.SZ,2020-08-03,09:31:54,184000.0,35100.0,6441341400.0,183300.0,0.4,183200.0,0.28,183100.0,1.0,183000.0,1.0,182900.0,0.05,182800.0,0.26,182700.0,0.01,182600.0,0.13,182500.0,0.33,182200.0,0.02,183600.0,0.2,183900.0,0.01,184000.0,0.06,184200.0,0.04,184300.0,0.12,184400.0,0.26,184500.0,0.07,184600.0,0.08,184700.0,0.0,184800.0,0.16
000066.SZ,2020-08-03,09:31:55,183600.0,40400.0,7420066000.0,183700.0,0.01,183600.0,1.0,183500.0,0.01,183400.0,0.11,183300.0,0.58,183200.0,0.28,183100.0,1.0,183000.0,1.0,182900.0,0.05,182800.0,0.27,183900.0,0.01,184000.0,0.07,184200.0,0.04,184300.0,0.09,184400.0,0.26,184500.0,0.07,184600.0,0.08,184700.0,0.0,184800.0,0.16,184900.0,0.09
000066.SZ,2020-08-03,09:31:56,183900.0,15200.0,2791708000.0,183600.0,1.0,183500.0,0.07,183400.0,0.13,183300.0,0.62,183200.0,0.28,183100.0,1.0,183000.0,1.0,182900.0,0.05,182800.0,0.27,182700.0,0.01,183700.0,0.03,183900.0,0.01,184000.0,0.07,184200.0,0.04,184300.0,0.09,184400.0,0.26,184500.0,0.07,184600.0,0.08,184700.0,0.0,184800.0,0.16
000066.SZ,2020-08-03,09:31:57,183600.0,130900.0,24039654100.0,183600.0,0.7,183500.0,0.12,183400.0,0.13,183300.0,0.62,183200.0,0.28,183100.0,1.0,183000.0,1.0,182900.0,0.05,182800.0,0.27,182700.0,0.01,183700.0,0.13,184000.0,0.07,184200.0,0.04,184300.0,0.09,184400.0,0.27,184500.0,0.07,184600.0,0.08,184700.0,0.0,184800.0,0.16,184900.0,0.21
000066.SZ,2020-08-03,09:31:58,183700.0,12400.0,2276689600.0,183500.0,0.22,183400.0,0.13,183300.0,0.78,183200.0,0.29,183100.0,1.0,183000.0,1.0,182900.0,0.05,182800.0,0.27,182700.0,0.01,182600.0,0.13,183600.0,0.68,183700.0,0.15,183900.0,0.0,184000.0,0.08,184200.0,0.04,184300.0,0.09,184400.0,0.27,184500.0,0.07,184600.0,0.08,184700.0,0.0
000066.SZ,2020-08-03,09:31:59,183600.0,80900.0,14848143300.0,183500.0,0.03,183400.0,0.05,183300.0,0.78,183200.0,0.31,183100.0,1.0,183000.0,1.0,182900.0,0.05,182800.0,0.27,182700.0,0.01,182600.0,0.13,183600.0,0.08,183700.0,0.22,183900.0,0.0,184000.0,0.08,184200.0,0.04,184300.0,0.09,184400.0,0.3,184500.0,0.07,184600.0,0.08,184700.0,0.0
000066.SZ,2020-08-03,09:32:00,183600.0,109800.0,20155107600.0,183300.0,0.63,183200.0,0.31,183100.0,1.0,183000.0,1.0,182900.0,0.05,182800.0,0.27,182700.0,0.01,182600.0,0.13,182500.0,0.37,182200.0,0.02,183600.0,0.28,183700.0,0.22,183900.0,0.0,184000.0,0.1,184200.0,0.04,184300.0,0.09,184400.0,0.3,184500.0,0.07,184600.0,0.08,184700.0,0.0
000066.SZ,2020-08-03,09:32:01,183600.0,54100.0,9932056700.0,183500.0,0.13,183400.0,0.01,183300.0,0.59,183200.0,0.48,183100.0,1.0,183000.0,1.0,182900.0,0.05,182800.0,0.27,182700.0,0.01,182600.0,0.13,183700.0,0.23,183900.0,0.0,184000.0,0.14,184200.0,0.04,184300.0,0.09,184400.0,0.3,184500.0,0.07,184600.0,0.08,184700.0,0.0,184800.0,0.16
000066.SZ,2020-08-03,09:32:02,183700.0,22100.0,4057449500.0,183500.0,0.72,183400.0,0.01,183300.0,0.6,183200.0,0.48,183100.0,1.0,183000.0,1.0,182900.0,0.05,182800.0,0.3,182700.0,0.08,182600.0,0.13,183700.0,0.26,183800.0,0.01,183900.0,0.0,184000.0,0.13,184200.0,0.04,184300.0,0.09,184400.0,0.3,184500.0,0.07,184600.0,0.08,184700.0,0.0
000066.SZ,2020-08-03,09:32:03,183700.0,41300.0,7582556100.0,183500.0,0.76,183400.0,0.01,183300.0,0.6,183200.0,0.49,183100.0,1.0,183000.0,1.0,182900.0,0.05,182800.0,0.3,182700.0,0.08,182600.0,0.13,183600.0,0.15,183700.0,0.27,183800.0,0.01,183900.0,0.0,184000.0,0.16,184200.0,0.04,184300.0,0.09,184400.0,0.3,184500.0,0.07,184600.0,0.08
000066.SZ,2020-08-03,09:32:04,183600.0,18400.0,3378258400.0,183600.0,0.01,183500.0,0.78,183400.0,0.04,183300.0,0.6,183200.0,0.56,183100.0,1.0,183000.0,1.0,182900.0,0.05,182800.0,0.3,182700.0,0.08,183700.0,0.26,183800.0,0.01,183900.0,0.01,184000.0,0.18,184200.0,0.04,184300.0,0.09,184400.0,0.3,184500.0,0.07,184600.0,0.08,184700.0,0.0
000066.SZ,2020-08-03,09:32:05,183700.0,22000.0,4041180000.0,183700.0,0.09,183600.0,0.18,183500.0,0.78,183400.0,0.04,183300.0,0.6,183200.0,0.56,183100.0,1.0,183000.0,1.0,182900.0,0.05,182800.0,0.3,183800.0,0.01,183900.0,0.01,184000.0,0.18,184100.0,0.0,184200.0,0.04,184300.0,0.09,184400.0,0.3,184500.0,0.07,184600.0,0.08,184700.0,0.0
000066.SZ,2020-08-03,09:32:06,183700.0,22100.0,4058554500.0,183600.0,1.0,183500.0,0.78,183400.0,0.04,183300.0,0.45,183200.0,0.56,183100.0,1.0,183000.0,1.0,182900.0,0.05,182800.0,0.3,182700.0,0.08,183900.0,0.01,184000.0,0.19,184100.0,0.0,184200.0,0.04,184300.0,0.09,184400.0,0.3,184500.0,0.07,184600.0,0.08,184700.0,0.0,184800.0,0.16
000066.SZ,2020-08-03,09:32:07,183600.0,12800.0,2352588800.0,183800.0,0.42,183700.0,0.02,183600.0,1.0,183500.0,0.78,183400.0,0.05,183300.0,0.56,183200.0,0.57,183100.0,1.0,183000.0,1.0,182900.0,0.05,184000.0,0.19,184100.0,0.0,184200.0,0.04,184300.0,0.09,184400.0,0.3,184500.0,0.07,184600.0,0.08,184700.0,0.0,184800.0,0.16,184900.0,0.22
000066.SZ,2020-08-03,09:32:08,183800.0,37800.0,6948698400.0,183900.0,0.02,183800.0,0.03,183700.0,0.03,183600.0,1.0,183500.0,0.78,183400.0,0.07,183300.0,0.56,183200.0,0.57,183100.0,1.0,183000.0,1.0,184000.0,0.15,184100.0,0.0,184200.0,0.04,184300.0,0.09,184400.0,0.3,184500.0,0.07,184700.0,0.0,184800.0,0.16,184900.0,0.22,185000.0,0.29
000066.SZ,2020-08-03,09:32:09,183800.0,56600.0,10394476800.0,183700.0,0.05,183600.0,1.0,183500.0,0.94,183400.0,0.07,183300.0,0.56,183200.0,0.58,183100.0,1.0,183000.0,1.0,182900.0,0.05,182800.0,0.32,183800.0,0.0,183900.0,0.0,184000.0,0.09,184100.0,0.0,184200.0,0.04,184300.0,0.09,184400.0,0.3,184500.0,0.07,184700.0,0.0,184800.0,0.16
000066.SZ,2020-08-03,09:32:10,184000.0,3600.0,661449600.0,183700.0,0.5,183600.0,1.0,183500.0,0.94,183400.0,0.07,183300.0,0.56,183200.0,0.69,183100.0,1.0,183000.0,1.0,182900.0,0.08,182800.0,0.32,183900.0,0.0,184000.0,0.12,184100.0,0.0,184200.0,0.04,184300.0,0.09,184400.0,0.3,184500.0,0.07,184700.0,0.0,184800.0,0.16,184900.0,0.22
000066.SZ,2020-08-03,09:32:11,183900.0,103500.0,19010259000.0,183700.0,0.04,183600.0,0.41,183500.0,0.95,183400.0,0.07,183300.0,0.55,183200.0,0.69,183100.0,1.0,183000.0,1.0,182900.0,0.08,182800.0,0.32,184100.0,0.0,184200.0,0.04,184300.0,0.09,184400.0,0.3,184500.0,0.07,184700.0,0.0,184800.0,0.16,184900.0,0.22,185000.0,0.29,185200.0,0.15
000066.SZ,2020-08-03,09:32:12,184000.0,3000.0,552168000.0,183900.0,0.03,183800.0,0.02,183700.0,0.04,183600.0,0.5,183500.0,1.0,183400.0,0.08,183300.0,0.56,183200.0,0.55,183100.0,1.0,183000.0,1.0,184200.0,0.03,184300.0,0.09,184400.0,0.3,184500.0,0.07,184700.0,0.0,184800.0,0.16,184900.0,0.22,185000.0,0.29,185200.0,0.15,185300.0,0.5
000066.SZ,2020-08-03,09:32:13,184000.0,21800.0,4015756200.0,184200.0,0.01,184000.0,0.06,183900.0,0.08,183800.0,0.06,183700.0,0.35,183600.0,0.5,183500.0,1.0,183400.0,0.08,183300.0,0.56,183200.0,0.56,184300.0,0.06,184400.0,0.3,184500.0,0.07,184700.0,0.0,184800.0,0.16,184900.0,0.22,185000.0,0.29,185200.0,0.15,185300.0,0.5,185400.0,0.01
000066.SZ,2020-08-03,09:32:14,184200.0,13900.0,2557836300.0,184200.0,0.01,184000.0,0.09,183900.0,0.09,183800.0,0.09,183700.0,0.7,183600.0,0.51,183500.0,1.0,183400.0,0.08,183300.0,0.56,183200.0,0.57,184300.0,0.06,184400.0,0.3,184500.0,0.07,184700.0,0.0,184800.0,0.16,184900.0,0.22,185000.0,0.26,185200.0,0.15,185300.0,0.5,185400.0,0.01
000066.SZ,2020-08-03,09:32:15,184000.0,8400.0,1547263200.0,184000.0,0.09,183900.0,0.27,183800.0,0.5,183700.0,0.7,183600.0,0.51,183500.0,1.0,183400.0,0.08,183300.0,0.55,183200.0,0.57,183100.0,1.0,184300.0,0.43,184400.0,0.3,184500.0,0.07,184700.0,0.0,184800.0,0.16,184900.0,0.22,185000.0,0.26,185200.0,0.15,185300.0,0.5,185400.0,0.01
000066.SZ,2020-08-03,09:32:16,184300.0,32700.0,6025792500.0,184000.0,0.1,183900.0,0.3,183800.0,0.62,183700.0,0.7,183600.0,0.56,183500.0,1.0,183400.0,0.08,183300.0,0.55,183200.0,0.64,183100.0,1.0,184300.0,0.01,184400.0,0.3,184500.0,0.07,184700.0,0.0,184800.0,0.16,184900.0,0.22,185000.0,0.26,185200.0,0.15,185300.0,0.5,185400.0,0.01
000066.SZ,2020-08-03,09:32:17,184300.0,32200.0,5933912600.0,184400.0,0.44,184300.0,0.0,184000.0,0.1,183900.0,0.34,183800.0,0.64,183700.0,0.7,183600.0,0.56,183500.0,1.0,183400.0,0.08,183300.0,0.55,184500.0,0.07,184700.0,0.0,184800.0,0.16,184900.0,0.22,185000.0,0.26,185200.0,0.15,185300.0,0.5,185400.0,0.01,185500.0,0.2,185600.0,0.52
000066.SZ,2020-08-03,09:32:18,184400.0,2500.0,461190000.0,184400.0,0.43,184300.0,0.33,184100.0,0.01,184000.0,0.13,183900.0,0.43,183800.0,0.64,183700.0,0.39,183600.0,0.57,183500.0,1.0,183400.0,0.08,184500.0,0.04,184700.0,0.0,184800.0,0.16,184900.0,0.22,185000.0,0.26,185200.0,0.15,185300.0,0.5,185400.0,0.01,185500.0,0.2,185600.0,0.52
000066.SZ,2020-08-03,09:32:19,184400.0,33000.0,6085332000.0,184300.0,0.45,184100.0,0.03,184000.0,0.19,183900.0,0.43,183800.0,0.66,183700.0,0.43,183600.0,0.57,183500.0,1.0,183400.0,0.08,183300.0,0.55,184400.0,0.83,184500.0,0.02,184600.0,0.11,184700.0,0.0,184800.0,0.16,184900.0,0.22,185000.0,0.26,185100.0,0.01,185200.0,0.15,185300.0,0.5
000066.SZ,2020-08-03,09:32:20,184400.0,17500.0,3225635000.0,184300.0,0.4,184100.0,0.03,184000.0,0.21,183900.0,0.43,183800.0,0.64,183700.0,0.43,183600.0,0.55,183500.0,1.0,183400.0,0.08,183300.0,0.55,184400.0,0.77,184500.0,0.02,184600.0,0.11,184700.0,0.0,184800.0,0.16,184900.0,0.22,185000.0,0.26,185100.0,0.01,185200.0,0.15,185300.0,0.5
000066.SZ,2020-08-03,09:32:21,184400.0,1000.0,184300000.0,184300.0,0.39,184100.0,0.03,184000.0,0.24,183900.0,0.44,183800.0,0.64,183700.0,0.44,183600.0,0.55,183500.0,1.0,183400.0,0.08,183300.0,0.55,184400.0,0.77,184500.0,0.02,184600.0,0.11,184700.0,0.0,184800.0,0.16,184900.0,0.22,185000.0,0.26,185100.0,0.01,185200.0,0.15,185300.0,0.5
000066.SZ,2020-08-03,09:32:22,184300.0,45800.0,8441993400.0,184300.0,0.02,184100.0,0.03,184000.0,0.33,183900.0,0.38,183800.0,0.68,183700.0,0.23,183600.0,0.55,183500.0,1.0,183400.0,0.08,183300.0,0.55,184400.0,0.01,184500.0,0.02,184600.0,0.11,184700.0,0.02,184800.0,0.16,184900.0,0.22,185000.0,0.26,185100.0,0.01,185200.0,0.15,185300.0,0.5
000066.SZ,2020-08-03,09:32:23,184300.0,14100.0,2601337200.0,184500.0,0.81,184300.0,0.01,184100.0,0.03,184000.0,0.39,183900.0,0.38,183800.0,0.7,183700.0,0.23,183600.0,0.56,183500.0,1.0,183400.0,0.08,184600.0,0.01,184700.0,0.02,184800.0,0.16,184900.0,0.22,185000.0,0.26,185100.0,0.01,185200.0,0.15,185300.0,0.49,185400.0,0.01,185500.0,0.21
000066.SZ,2020-08-03,09:32:24,184600.0,8600.0,1586777400.0,184500.0,0.73,184400.0,0.14,184300.0,0.05,184100.0,0.03,184000.0,0.41,183900.0,0.38,183800.0,0.7,183700.0,0.18,183600.0,0.56,183500.0,1.0,184600.0,0.0,184700.0,0.02,184800.0,0.16,184900.0,0.1,185000.0,0.23,185100.0,0.01,185200.0,0.15,185300.0,0.49,185400.0,0.01,185500.0,0.21
000066.SZ,2020-08-03,09:32:25,184600.0,3300.0,609067800.0,184500.0,0.75,184400.0,0.15,184300.0,0.06,184100.0,0.03,184000.0,0.43,183900.0,0.34,183800.0,1.0,183700.0,0.23,183600.0,0.56,183500.0,1.0,184700.0,0.0,184800.0,0.16,184900.0,0.1,185000.0,0.23,185100.0,0.01,185200.0,0.15,185300.0,0.49,185400.0,0.01,185500.0,0.2,185600.0,0.52
000066.SZ,2020-08-03,09:32:26,184500.0,8100.0,1495033200.0,184500.0,1.0,184400.0,0.19,184300.0,0.07,184100.0,0.03,184000.0,0.47,183900.0,0.34,183800.0,1.0,183700.0,0.23,183600.0,0.57,183500.0,1.0,184800.0,0.13,184900.0,0.1,185000.0,0.23,185100.0,0.01,185200.0,0.15,185300.0,0.49,185400.0,0.01,185500.0,0.19,185600.0,0.52,185700.0,0.01
000066.SZ,2020-08-03,09:32:27,184500.0,82100.0,15147860500.0,184500.0,1.0,184400.0,0.19,184300.0,0.06,184100.0,0.03,184000.0,0.48,183900.0,0.34,183800.0,1.0,183700.0,0.37,183600.0,0.58,183500.0,1.0,184700.0,0.42,184800.0,0.11,184900.0,0.1,185000.0,0.24,185100.0,0.01,185200.0,0.15,185300.0,0.49,185400.0,0.01,185500.0,0.19,185600.0,0.52
000066.SZ,2020-08-03,09:32:28,184500.0,34100.0,6296394500.0,184600.0,0.1,184500.0,1.0,184400.0,0.21,184300.0,0.09,184100.0,0.03,184000.0,0.49,183900.0,0.34,183800.0,1.0,183700.0,0.37,183600.0,0.58,184700.0,0.09,184800.0,0.11,184900.0,0.1,185000.0,0.24,185100.0,0.01,185200.0,0.15,185300.0,0.49,185400.0,0.01,185500.0,0.19,185600.0,0.52
000066.SZ,2020-08-03,09:32:29,184600.0,85200.0,15721444800.0,184600.0,0.01,184500.0,1.0,184400.0,0.27,184300.0,0.1,184100.0,0.03,184000.0,0.48,183900.0,0.32,183800.0,1.0,183700.0,0.37,183600.0,0.57,184700.0,0.02,184800.0,0.1,184900.0,0.1,185000.0,0.24,185100.0,0.01,185200.0,0.15,185300.0,0.49,185400.0,0.01,185500.0,0.19,185600.0,0.52
000066.SZ,2020-08-03,09:32:30,184700.0,38337.0,7084562589.0,184800.0,0.2,184700.0,0.15,184600.0,0.06,184500.0,1.0,184400.0,0.28,184300.0,0.1,184100.0,0.03,184000.0,0.51,183900.0,0.32,183800.0,1.0,184900.0,0.1,185000.0,0.24,185100.0,0.01,185200.0,0.15,185300.0,0.49,185400.0,0.01,185500.0,0.19,185600.0,0.52,185700.0,0.01,185900.0,0.01
000066.SZ,2020-08-03,09:32:31,184800.0,0.0,0.0,184700.0,0.18,184600.0,0.09,184500.0,1.0,184400.0,0.3,184300.0,0.14,184100.0,0.03,184000.0,0.51,183900.0,0.32,183800.0,1.0,183700.0,0.37,184800.0,0.56,184900.0,0.1,185000.0,0.24,185100.0,0.01,185200.0,0.15,185300.0,0.49,185400.0,0.01,185500.0,0.19,185600.0,0.52,185700.0,0.01
000066.SZ,2020-08-03,09:32:32,184800.0,28363.0,5240830051.0,184400.0,0.31,184300.0,0.14,184100.0,0.02,184000.0,0.54,183900.0,0.32,183800.0,1.0,183700.0,0.37,183600.0,0.53,183500.0,1.0,183400.0,0.08,184500.0,1.0,184600.0,0.13,184700.0,0.07,184900.0,0.05,185000.0,0.24,185100.0,0.01,185200.0,0.15,185300.0,0.49,185400.0,0.01,185500.0,0.19
000066.SZ,2020-08-03,09:32:33,184800.0,0.0,0.0,184400.0,0.33,184300.0,0.14,184100.0,0.02,184000.0,0.62,183900.0,0.32,183800.0,1.0,183700.0,0.37,183600.0,0.53,183500.0,1.0,183400.0,0.08,184500.0,1.0,184600.0,0.19,184700.0,0.07,184900.0,0.05,185000.0,0.24,185100.0,0.01,185200.0,0.15,185300.0,0.49,185400.0,0.01,185500.0,0.19
000066.SZ,2020-08-03,09:32:34,184800.0,0.0,0.0,184400.0,0.43,184300.0,0.14,184100.0,0.02,184000.0,0.67,183900.0,0.32,183800.0,1.0,183700.0,0.37,183600.0,0.53,183500.0,1.0,183400.0,0.08,184500.0,1.0,184600.0,0.29,184700.0,0.07,184800.0,0.15,184900.0,0.05,185000.0,0.24,185100.0,0.01,185200.0,0.15,185300.0,0.49,185400.0,0.01
000066.SZ,2020-08-03,09:32:35,184800.0,209400.0,38635975200.0,184300.0,0.11,184100.0,0.02,184000.0,0.64,183900.0,0.25,183800.0,1.0,183700.0,0.37,183600.0,0.52,183500.0,1.0,183400.0,0.08,183300.0,0.58,184500.0,1.0,184800.0,0.13,184900.0,0.04,185000.0,0.52,185100.0,0.01,185200.0,0.15,185300.0,0.49,185400.0,0.01,185500.0,0.19,185600.0,0.52
000066.SZ,2020-08-03,09:32:36,184400.0,19100.0,3520836700.0,184100.0,0.02,184000.0,0.61,183900.0,0.25,183800.0,1.0,183700.0,0.37,183600.0,0.53,183500.0,1.0,183400.0,0.08,183300.0,0.58,183200.0,0.75,184400.0,0.06,184500.0,1.0,184600.0,0.01,184700.0,0.21,184800.0,0.3,184900.0,0.04,185000.0,0.52,185100.0,0.01,185200.0,0.15,185300.0,0.5
000066.SZ,2020-08-03,09:32:37,184400.0,13500.0,2487496500.0,184000.0,0.62,183900.0,0.25,183800.0,1.0,183700.0,0.37,183600.0,0.53,183500.0,1.0,183400.0,0.08,183300.0,0.58,183200.0,0.75,183100.0,0.45,184100.0,0.0,184200.0,0.05,184400.0,0.26,184500.0,1.0,184600.0,0.08,184700.0,0.21,184800.0,0.36,184900.0,0.04,185000.0,0.52,185100.0,0.02
000066.SZ,2020-08-03,09:32:38,184100.0,31200.0,5750503200.0,184000.0,0.61,183900.0,0.26,183800.0,1.0,183700.0,0.37,183600.0,0.53,183500.0,1.0,183400.0,0.08,183300.0,0.58,183200.0,0.75,183100.0,0.45,184500.0,1.0,184600.0,0.08,184700.0,0.21,184800.0,0.47,184900.0,0.04,185000.0,0.52,185100.0,0.02,185200.0,0.15,185300.0,0.5,185400.0,0.01
000066.SZ,2020-08-03,09:32:39,184500.0,95600.0,17600246800.0,184000.0,0.03,183900.0,0.26,183800.0,1.0,183700.0,0.37,183600.0,0.53,183500.0,1.0,183400.0,0.08,183300.0,0.58,183200.0,0.75,183100.0,0.45,184500.0,1.0,184600.0,0.09,184700.0,0.21,184800.0,0.48,184900.0,0.04,185000.0,0.52,185100.0,0.02,185200.0,0.15,185300.0,0.5,185400.0,0.01
000066.SZ,2020-08-03,09:32:40,184000.0,60300.0,11115400500.0,183900.0,0.24,183800.0,1.0,183700.0,0.37,183600.0,0.53,183500.0,1.0,183400.0,0.08,183300.0,0.58,183200.0,0.75,183100.0,0.45,183000.0,1.0,184400.0,0.04,184500.0,1.0,184600.0,0.09,184700.0,0.21,184800.0,0.48,184900.0,0.04,185000.0,0.52,185100.0,0.02,185200.0,0.15,185300.0,0.5
000066.SZ,2020-08-03,09:32:41,183900.0,29000.0,5347020000.0,184100.0,0.08,183900.0,0.24,183800.0,1.0,183700.0,0.37,183600.0,0.53,183500.0,1.0,183400.0,0.08,183300.0,0.58,183200.0,0.75,183100.0,0.45,184400.0,0.0,184500.0,1.0,184600.0,0.1,184700.0,0.21,184800.0,0.48,184900.0,0.04,185000.0,0.55,185100.0,0.02,185200.0,0.15,185300.0,0.5
000066.SZ,2020-08-03,09:32:42,184000.0,10400.0,1917385600.0,184100.0,0.07,183900.0,0.24,183800.0,1.0,183700.0,0.37,183600.0,0.63,183500.0,1.0,183400.0,0.08,183300.0,0.58,183200.0,0.75,183100.0,0.45,184400.0,0.07,184500.0,1.0,184600.0,0.2,184700.0,0.21,184800.0,0.53,184900.0,0.05,185000.0,0.55,185100.0,0.02,185200.0,0.15,185300.0,0.5
000066.SZ,2020-08-03,09:32:43,184400.0,38800.0,7153633600.0,184400.0,0.59,184200.0,0.0,184100.0,0.66,184000.0,0.06,183900.0,0.24,183800.0,1.0,183700.0,0.37,183600.0,0.63,183500.0,1.0,183400.0,0.08,184500.0,1.0,184600.0,0.2,184700.0,0.21,184800.0,0.53,184900.0,0.05,185000.0,0.55,185100.0,0.03,185200.0,0.15,185300.0,0.5,185400.0,0.02
000066.SZ,2020-08-03,09:32:44,184500.0,0.0,0.0,184400.0,0.66,184300.0,0.01,184200.0,0.13,184100.0,0.66,184000.0,0.06,183900.0,0.24,183800.0,1.0,183700.0,0.37,183600.0,0.63,183500.0,1.0,184500.0,1.0,184600.0,0.2,184700.0,0.21,184800.0,0.53,184900.0,0.05,185000.0,0.57,185100.0,0.03,185200.0,0.15,185300.0,0.54,185400.0,0.02
000066.SZ,2020-08-03,09:32:45,184500.0,109600.0,20191608000.0,184000.0,0.08,183900.0,0.24,183800.0,1.0,183700.0,0.37,183600.0,0.62,183500.0,1.0,183400.0,0.08,183300.0,0.58,183200.0,0.75,183100.0,0.45,184100.0,0.12,184200.0,0.03,184300.0,0.18,184400.0,0.05,184500.0,1.0,184600.0,0.2,184700.0,0.21,184800.0,0.37,184900.0,0.05,185000.0,0.57
000066.SZ,2020-08-03,09:32:46,184100.0,0.0,0.0,184000.0,0.09,183900.0,0.24,183800.0,1.0,183700.0,0.37,183600.0,0.62,183500.0,1.0,183400.0,0.08,183300.0,0.58,183200.0,0.75,183100.0,0.45,184100.0,0.52,184200.0,0.06,184300.0,0.18,184400.0,0.23,184500.0,1.0,184600.0,0.2,184700.0,0.21,184800.0,0.38,184900.0,0.05,185000.0,0.59
000066.SZ,2020-08-03,09:32:47,184100.0,67400.0,12412721000.0,184000.0,0.15,183900.0,0.27,183800.0,1.0,183700.0,0.37,183600.0,0.62,183500.0,1.0,183400.0,0.08,183300.0,0.58,183200.0,0.75,183100.0,0.45,184400.0,0.14,184500.0,1.0,184600.0,0.2,184700.0,0.0,184800.0,0.37,184900.0,0.05,185000.0,0.59,185100.0,0.03,185200.0,0.15,185300.0,0.54
000066.SZ,2020-08-03,09:32:48,184300.0,26100.0,4805505900.0,184000.0,0.01,183900.0,0.27,183800.0,1.0,183700.0,0.37,183600.0,0.62,183500.0,1.0,183400.0,0.08,183300.0,0.58,183200.0,0.75,183100.0,0.45,184100.0,0.01,184400.0,0.1,184500.0,1.0,184600.0,0.14,184700.0,0.0,184800.0,0.36,184900.0,0.05,185000.0,0.59,185100.0,0.03,185200.0,0.15
000066.SZ,2020-08-03,09:32:49,184100.0,43900.0,8080892500.0,183900.0,0.13,183800.0,1.0,183700.0,0.37,183600.0,0.62,183500.0,1.0,183400.0,0.08,183300.0,0.6,183200.0,0.75,183100.0,0.45,183000.0,1.0,184000.0,0.02,184200.0,0.0,184400.0,0.13,184500.0,1.0,184600.0,0.14,184700.0,0.0,184800.0,0.36,184900.0,0.05,185000.0,0.59,185100.0,0.03
000066.SZ,2020-08-03,09:32:50,183900.0,12800.0,2359808000.0,184100.0,0.05,184000.0,0.03,183900.0,0.13,183800.0,1.0,183700.0,0.37,183600.0,0.61,183500.0,1.0,183400.0,0.07,183300.0,0.6,183200.0,0.76,184400.0,0.06,184500.0,1.0,184600.0,0.15,184700.0,0.0,184800.0,0.36,184900.0,0.05,185000.0,0.59,185100.0,0.03,185200.0,0.15,185300.0,0.54
000066.SZ,2020-08-03,09:32:51,184400.0,13300.0,2449115200.0,184100.0,0.04,184000.0,0.03,183900.0,0.13,183800.0,1.0,183700.0,0.37,183600.0,0.64,183500.0,1.0,183400.0,0.07,183300.0,0.6,183200.0,0.76,184200.0,0.29,184300.0,0.02,184400.0,0.06,184500.0,1.0,184600.0,0.15,184700.0,0.0,184800.0,0.36,184900.0,0.05,185000.0,0.59,185100.0,0.03
000066.SZ,2020-08-03,09:32:52,184200.0,16500.0,3038277000.0,184100.0,0.08,184000.0,0.23,183900.0,0.13,183800.0,1.0,183700.0,0.37,183600.0,0.64,183500.0,1.0,183400.0,0.07,183300.0,0.6,183200.0,0.76,184200.0,0.16,184300.0,0.03,184400.0,0.06,184500.0,1.0,184600.0,0.15,184700.0,0.0,184800.0,0.36,184900.0,0.05,185000.0,0.56,185100.0,0.03
000066.SZ,2020-08-03,09:32:53,184100.0,32700.0,6023143800.0,184100.0,0.08,184000.0,0.31,183900.0,0.13,183800.0,1.0,183700.0,0.37,183600.0,0.64,183500.0,1.0,183400.0,0.07,183300.0,0.61,183200.0,0.76,184500.0,1.0,184600.0,0.15,184700.0,0.0,184800.0,0.36,184900.0,0.05,185000.0,0.56,185100.0,0.03,185200.0,0.15,185300.0,0.54,185400.0,0.02
000066.SZ,2020-08-03,09:32:54,184100.0,15800.0,2910454800.0,184100.0,0.03,184000.0,0.36,183900.0,0.13,183800.0,1.0,183700.0,0.37,183600.0,0.64,183500.0,1.0,183400.0,0.07,183300.0,0.61,183200.0,0.76,184500.0,1.0,184600.0,0.15,184700.0,0.0,184800.0,0.36,184900.0,0.05,185000.0,0.56,185100.0,0.03,185200.0,0.15,185300.0,0.54,185400.0,0.02
000066.SZ,2020-08-03,09:32:55,184400.0,4000.0,737600000.0,184100.0,0.93,184000.0,0.43,183900.0,0.13,183800.0,1.0,183700.0,0.37,183600.0,0.64,183500.0,1.0,183400.0,0.07,183300.0,0.61,183200.0,0.76,184400.0,0.03,184500.0,1.0,184600.0,0.15,184700.0,0.0,184800.0,0.36,184900.0,0.05,185000.0,0.56,185100.0,0.03,185200.0,0.19,185300.0,0.54
000066.SZ,2020-08-03,09:32:56,184400.0,24900.0,4585857900.0,184100.0,0.76,184000.0,0.59,183900.0,0.13,183800.0,1.0,183700.0,0.37,183600.0,0.64,183500.0,1.0,183400.0,0.07,183300.0,0.61,183200.0,0.76,184400.0,0.03,184500.0,1.0,184600.0,0.15,184700.0,0.0,184800.0,0.36,184900.0,0.05,185000.0,0.56,185100.0,0.03,185200.0,0.19,185300.0,0.54
000066.SZ,2020-08-03,09:32:57,184100.0,0.0,0.0,184100.0,0.79,184000.0,0.62,183900.0,0.13,183800.0,1.0,183700.0,0.4,183600.0,0.67,183500.0,1.0,183400.0,0.07,183300.0,0.61,183200.0,0.76,184300.0,0.04,184400.0,0.11,184500.0,1.0,184600.0,0.15,184700.0,0.0,184800.0,0.36,184900.0,0.05,185000.0,0.56,185100.0,0.03,185200.0,0.19
000066.SZ,2020-08-03,09:32:58,184100.0,28500.0,5247505500.0,184100.0,0.54,184000.0,0.62,183900.0,0.13,183800.0,1.0,183700.0,0.4,183600.0,0.66,183500.0,1.0,183400.0,0.07,183300.0,0.61,183200.0,0.76,184200.0,0.25,184400.0,0.11,184500.0,1.0,184600.0,0.15,184700.0,0.0,184800.0,0.36,184900.0,0.05,185000.0,0.56,185100.0,0.03,185200.0,0.19
000066.SZ,2020-08-03,09:32:59,184200.0,43300.0,7976855900.0,184400.0,0.16,184100.0,0.47,184000.0,0.62,183900.0,0.13,183800.0,1.0,183700.0,0.4,183600.0,0.66,183500.0,1.0,183400.0,0.07,183300.0,0.61,184500.0,1.0,184600.0,0.15,184700.0,0.0,184800.0,0.35,184900.0,0.05,185000.0,0.56,185100.0,0.03,185200.0,0.19,185300.0,0.54,185400.0,0.02
000066.SZ,2020-08-03,09:33:00,184400.0,15000.0,2765355000.0,184100.0,0.49,184000.0,0.69,183900.0,0.13,183800.0,1.0,183700.0,0.4,183600.0,0.67,183500.0,1.0,183400.0,0.07,183300.0,0.61,183200.0,0.76,184500.0,1.0,184600.0,0.15,184700.0,0.0,184800.0,0.35,184900.0,0.06,185000.0,0.56,185100.0,0.03,185200.0,0.19,185300.0,0.54,185400.0,0.02
000066.SZ,2020-08-03,09:33:01,184100.0,64800.0,11945491200.0,184100.0,0.37,184000.0,0.73,183900.0,0.13,183800.0,1.0,183700.0,0.4,183600.0,0.67,183500.0,1.0,183400.0,0.07,183300.0,0.61,183200.0,0.76,184400.0,0.07,184500.0,1.0,184600.0,0.15,184700.0,0.0,184800.0,0.35,184900.0,0.06,185000.0,0.56,185100.0,0.03,185200.0,0.19,185300.0,0.54
000066.SZ,2020-08-03,09:33:02,184100.0,72300.0,13310502300.0,184000.0,0.29,183900.0,0.13,183800.0,1.0,183700.0,0.4,183600.0,0.67,183500.0,1.0,183400.0,0.07,183300.0,0.61,183200.0,0.76,183100.0,0.47,184500.0,1.0,184600.0,0.15,184700.0,0.0,184800.0,0.35,184900.0,0.06,185000.0,0.56,185100.0,0.03,185200.0,0.19,185300.0,0.54,185400.0,0.02
000066.SZ,2020-08-03,09:33:03,184000.0,187800.0,34637268600.0,183900.0,0.13,183800.0,1.0,183700.0,0.4,183600.0,0.67,183500.0,1.0,183400.0,0.07,183300.0,0.61,183200.0,0.76,183100.0,0.47,183000.0,1.0,184800.0,0.08,184900.0,0.06,185000.0,0.56,185100.0,0.03,185200.0,0.19,185300.0,0.54,185400.0,0.02,185500.0,0.19,185600.0,0.52,185700.0,0.01
000066.SZ,2020-08-03,09:33:04,184500.0,1900.0,350550000.0,184900.0,0.35,184600.0,0.24,184500.0,1.0,184400.0,0.01,184300.0,0.08,184100.0,0.05,184000.0,0.42,183900.0,0.33,183800.0,1.0,183700.0,0.4,185000.0,0.56,185100.0,0.03,185200.0,0.19,185300.0,0.54,185400.0,0.02,185500.0,0.19,185600.0,0.52,185700.0,0.01,185900.0,0.08,186000.0,0.86
000066.SZ,2020-08-03,09:33:05,184500.0,8800.0,1624480000.0,184600.0,0.15,184500.0,1.0,184400.0,0.01,184300.0,0.09,184200.0,0.04,184100.0,0.13,184000.0,0.44,183900.0,0.33,183800.0,1.0,183700.0,0.4,184700.0,0.0,184800.0,0.09,184900.0,0.06,185000.0,0.56,185100.0,0.03,185200.0,0.19,185300.0,0.54,185400.0,0.02,185500.0,0.19,185600.0,0.52
000066.SZ,2020-08-03,09:33:06,184600.0,1000.0,184600000.0,184600.0,0.14,184500.0,1.0,184400.0,0.01,184300.0,0.11,184200.0,0.04,184100.0,0.88,184000.0,0.45,183900.0,0.33,183800.0,1.0,183700.0,0.4,184700.0,0.0,184800.0,0.09,184900.0,0.06,185000.0,0.45,185100.0,0.03,185200.0,0.19,185300.0,0.54,185400.0,0.02,185500.0,0.18,185600.0,0.52
000066.SZ,2020-08-03,09:33:07,184600.0,13300.0,2456643000.0,184600.0,0.07,184500.0,1.0,184400.0,0.01,184300.0,0.09,184200.0,0.04,184100.0,1.0,184000.0,0.51,183900.0,0.32,183800.0,1.0,183700.0,0.4,184800.0,0.01,184900.0,0.06,185000.0,0.45,185100.0,0.03,185200.0,0.19,185300.0,0.54,185400.0,0.02,185500.0,0.18,185600.0,0.52,185700.0,0.01
000066.SZ,2020-08-03,09:33:08,184600.0,2900.0,535377700.0,184600.0,0.03,184500.0,1.0,184400.0,0.01,184300.0,0.09,184200.0,0.04,184100.0,1.0,184000.0,0.65,183900.0,0.32,183800.0,1.0,183700.0,0.4,184800.0,0.0,184900.0,0.07,185000.0,0.45,185100.0,0.03,185200.0,0.19,185300.0,0.54,185400.0,0.02,185500.0,0.18,185600.0,0.52,185700.0,0.01
000066.SZ,2020-08-03,09:33:09,184600.0,4500.0,831537000.0,184600.0,0.02,184500.0,1.0,184400.0,0.01,184300.0,0.09,184200.0,0.04,184100.0,1.0,184000.0,0.7,183900.0,0.32,183800.0,1.0,183700.0,0.4,184900.0,0.04,185000.0,0.45,185100.0,0.03,185200.0,0.19,185300.0,0.54,185400.0,0.02,185500.0,0.18,185600.0,0.52,185700.0,0.01,185900.0,0.08
000066.SZ,2020-08-03,09:33:10,184600.0,73040.0,13476610400.0,184800.0,0.01,184700.0,0.0,184600.0,0.04,184500.0,1.0,184400.0,0.01,184300.0,0.09,184200.0,0.04,184100.0,1.0,184000.0,0.7,183900.0,0.32,185000.0,0.45,185100.0,0.03,185200.0,0.19,185300.0,0.54,185400.0,0.02,185500.0,0.18,185600.0,0.52,185700.0,0.01,185900.0,0.08,186000.0,0.85
000066.SZ,2020-08-03,09:33:11,184500.0,26100.0,4820643900.0,184500.0,1.0,184400.0,0.01,184300.0,0.09,184200.0,0.06,184100.0,1.0,184000.0,0.7,183900.0,0.32,183800.0,1.0,183700.0,0.4,183600.0,0.64,184600.0,0.03,184800.0,0.01,185000.0,0.36,185100.0,0.03,185200.0,0.19,185300.0,0.54,185400.0,0.02,185500.0,0.18,185600.0,0.52,185700.0,0.01
000066.SZ,2020-08-03,09:33:12,184600.0,3000.0,553899000.0,184800.0,0.32,184700.0,0.09,184600.0,0.06,184500.0,1.0,184400.0,0.01,184300.0,0.09,184200.0,0.06,184100.0,1.0,184000.0,0.77,183900.0,0.32,185000.0,0.36,185100.0,0.03,185200.0,0.19,185300.0,0.54,185400.0,0.02,185500.0,0.18,185600.0,0.52,185700.0,0.01,185800.0,0.02,185900.0,0.08
000066.SZ,2020-08-03,09:33:13,184800.0,46300.0,8551702600.0,184500.0,1.0,184400.0,0.01,184300.0,0.1,184200.0,0.07,184100.0,1.0,184000.0,0.79,183900.0,0.31,183800.0,1.0,183700.0,0.4,183600.0,0.67,184600.0,0.0,184800.0,0.01,184900.0,0.01,185000.0,0.35,185100.0,0.03,185200.0,0.19,185300.0,0.53,185400.0,0.02,185500.0,0.18,185600.0,0.52
000066.SZ,2020-08-03,09:33:14,184800.0,7900.0,1459643500.0,184500.0,1.0,184400.0,0.04,184300.0,0.1,184200.0,0.07,184100.0,1.0,184000.0,0.82,183900.0,0.31,183800.0,1.0,183700.0,0.4,183600.0,0.67,184900.0,0.13,185000.0,0.49,185100.0,0.03,185200.0,0.19,185300.0,0.53,185400.0,0.05,185500.0,0.18,185600.0,0.52,185700.0,0.01,185800.0,0.02
000066.SZ,2020-08-03,09:33:15,184500.0,7200.0,1329796800.0,184500.0,1.0,184400.0,0.04,184300.0,0.09,184200.0,0.11,184100.0,1.0,184000.0,0.82,183900.0,0.31,183800.0,1.0,183700.0,0.4,183600.0,0.67,184600.0,0.0,184700.0,0.17,184800.0,0.04,184900.0,0.15,185000.0,0.49,185100.0,0.03,185200.0,0.19,185300.0,0.53,185400.0,0.05,185500.0,0.18
000066.SZ,2020-08-03,09:33:16,184500.0,163960.0,30260457600.0,184500.0,1.0,184400.0,0.04,184300.0,0.09,184200.0,0.11,184100.0,1.0,184000.0,0.82,183900.0,0.31,183800.0,1.0,183700.0,0.4,183600.0,0.67,184800.0,0.01,184900.0,0.15,185000.0,0.49,185100.0,0.03,185200.0,0.19,185300.0,0.53,185400.0,0.05,185500.0,0.18,185600.0,0.52,185700.0,0.01
000066.SZ,2020-08-03,09:33:17,184500.0,30100.0,5553118900.0,184600.0,0.14,184500.0,0.02,184300.0,0.12,184200.0,0.11,184100.0,1.0,184000.0,0.84,183900.0,0.31,183800.0,1.0,183700.0,0.4,183600.0,0.67,184800.0,0.07,184900.0,0.15,185000.0,0.49,185100.0,0.03,185200.0,0.19,185300.0,0.53,185400.0,0.05,185500.0,0.18,185600.0,0.52,185700.0,0.01
000066.SZ,2020-08-03,09:33:18,184500.0,80700.0,14921510700.0,185100.0,0.4,185000.0,0.01,184600.0,0.12,184500.0,0.03,184300.0,0.12,184200.0,0.11,184100.0,1.0,184000.0,0.85,183900.0,0.31,183800.0,1.0,185200.0,0.19,185300.0,0.53,185400.0,0.05,185500.0,0.18,185600.0,0.52,185700.0,0.01,185800.0,0.02,185900.0,0.08,186000.0,0.9,186100.0,0.11
000066.SZ,2020-08-03,09:33:19,185100.0,31200.0,5774995200.0,185000.0,0.44,184900.0,0.05,184800.0,0.01,184700.0,0.06,184600.0,0.22,184500.0,0.03,184400.0,0.01,184300.0,0.12,184200.0,0.11,184100.0,1.0,185100.0,0.15,185200.0,0.19,185300.0,0.53,185400.0,0.05,185500.0,0.18,185600.0,0.52,185700.0,0.01,185800.0,0.02,185900.0,0.08,186000.0,0.9
000066.SZ,2020-08-03,09:33:20,185100.0,20600.0,3811000000.0,185000.0,0.16,184900.0,0.05,184800.0,0.12,184700.0,0.06,184600.0,0.69,184500.0,0.04,184400.0,0.01,184300.0,0.12,184200.0,0.12,184100.0,1.0,185100.0,0.09,185200.0,0.19,185300.0,0.53,185400.0,0.05,185500.0,0.18,185600.0,0.52,185700.0,0.01,185800.0,0.02,185900.0,0.08,186000.0,0.9
000066.SZ,2020-08-03,09:33:21,185000.0,26100.0,4826438100.0,184700.0,0.08,184600.0,0.72,184500.0,0.07,184400.0,0.01,184300.0,0.13,184200.0,0.12,184100.0,1.0,184000.0,0.94,183900.0,0.28,183800.0,1.0,184800.0,0.02,185100.0,0.08,185200.0,0.19,185300.0,0.53,185400.0,0.05,185500.0,0.18,185600.0,0.52,185700.0,0.01,185800.0,0.02,185900.0,0.08
000066.SZ,2020-08-03,09:33:22,184800.0,17900.0,3305986800.0,184600.0,0.64,184500.0,0.07,184400.0,0.01,184300.0,0.13,184200.0,0.12,184100.0,1.0,184000.0,0.94,183900.0,0.28,183800.0,0.98,183700.0,0.38,185000.0,0.03,185100.0,0.0,185200.0,0.19,185300.0,0.53,185400.0,0.05,185500.0,0.17,185600.0,0.52,185700.0,0.01,185800.0,0.03,185900.0,0.08
000066.SZ,2020-08-03,09:33:23,184600.0,10100.0,1867813200.0,184700.0,0.01,184600.0,0.65,184500.0,0.07,184400.0,0.01,184300.0,0.13,184200.0,0.12,184100.0,1.0,184000.0,0.94,183900.0,0.28,183800.0,0.98,184900.0,0.03,185000.0,0.0,185100.0,0.0,185200.0,0.18,185300.0,0.53,185400.0,0.05,185500.0,0.17,185600.0,0.52,185700.0,0.01,185800.0,0.03
000066.SZ,2020-08-03,09:33:24,184900.0,58200.0,10772179800.0,185000.0,0.02,184800.0,0.01,184600.0,0.7,184500.0,0.08,184400.0,0.01,184300.0,0.11,184200.0,0.12,184100.0,1.0,184000.0,0.95,183900.0,0.28,185200.0,0.05,185300.0,0.14,185400.0,0.05,185500.0,0.17,185600.0,0.52,185700.0,0.01,185800.0,0.03,185900.0,0.08,186000.0,0.9,186100.0,0.11
000066.SZ,2020-08-03,09:33:25,185200.0,9600.0,1775529600.0,185000.0,0.23,184800.0,0.14,184700.0,0.04,184600.0,0.72,184500.0,0.08,184400.0,0.01,184300.0,0.11,184200.0,0.12,184100.0,1.0,184000.0,0.96,185100.0,0.03,185200.0,0.05,185300.0,0.14,185400.0,0.05,185500.0,0.17,185600.0,0.52,185700.0,0.01,185800.0,0.03,185900.0,0.08,186000.0,0.9
000066.SZ,2020-08-03,09:33:26,185000.0,38800.0,7176603200.0,184800.0,0.01,184700.0,0.04,184600.0,0.72,184500.0,0.08,184400.0,0.01,184300.0,0.11,184200.0,0.12,184100.0,0.82,184000.0,0.96,183900.0,0.28,185100.0,0.69,185200.0,0.05,185300.0,0.14,185400.0,0.19,185500.0,0.17,185600.0,0.52,185700.0,0.01,185800.0,0.03,185900.0,0.08,186000.0,0.9
000066.SZ,2020-08-03,09:33:27,185000.0,72300.0,13345495500.0,184400.0,0.01,184300.0,0.11,184200.0,0.12,184100.0,0.84,184000.0,0.96,183900.0,0.28,183800.0,0.97,183700.0,0.38,183600.0,0.65,183500.0,1.0,184500.0,0.39,185000.0,0.02,185100.0,0.78,185200.0,0.05,185300.0,0.14,185400.0,0.19,185500.0,0.17,185600.0,0.52,185700.0,0.01,185800.0,0.03
000066.SZ,2020-08-03,09:33:28,184500.0,15300.0,2822727600.0,184800.0,0.31,184300.0,0.11,184200.0,0.12,184100.0,0.84,184000.0,0.96,183900.0,0.28,183800.0,0.97,183700.0,0.38,183600.0,0.65,183500.0,1.0,184900.0,0.0,185000.0,0.03,185100.0,0.92,185200.0,0.05,185300.0,0.14,185400.0,0.23,185500.0,0.17,185600.0,0.52,185700.0,0.01,185800.0,0.03
000066.SZ,2020-08-03,09:33:29,184500.0,26500.0,4892854000.0,184800.0,0.21,184300.0,0.09,184200.0,0.12,184100.0,0.84,184000.0,0.96,183900.0,0.28,183800.0,0.97,183700.0,0.38,183600.0,0.65,183500.0,1.0,184900.0,0.04,185000.0,0.02,185100.0,0.93,185200.0,0.01,185300.0,0.14,185400.0,0.26,185500.0,0.17,185600.0,0.52,185700.0,0.01,185800.0,0.03
000066.SZ,2020-08-03,09:33:30,184800.0,20500.0,3788523000.0,184500.0,0.02,184400.0,0.04,184300.0,0.09,184200.0,0.12,184100.0,0.84,184000.0,0.96,183900.0,0.28,183800.0,0.97,183700.0,0.38,183600.0,0.65,184800.0,0.07,184900.0,0.01,185000.0,0.06,185100.0,0.93,185200.0,0.01,185300.0,0.14,185400.0,0.26,185500.0,0.18,185600.0,0.52,185700.0,0.01
000066.SZ,2020-08-03,09:33:31,184900.0,7700.0,1421889700.0,184400.0,0.04,184300.0,0.09,184200.0,0.12,184100.0,0.82,184000.0,0.96,183900.0,0.28,183800.0,0.97,183700.0,0.38,183600.0,0.65,183500.0,1.0,184600.0,0.02,184800.0,0.31,184900.0,0.01,185000.0,1.0,185100.0,0.94,185200.0,0.01,185300.0,0.15,185400.0,0.26,185500.0,0.18,185600.0,0.52
000066.SZ,2020-08-03,09:33:32,184600.0,15500.0,2862648500.0,184700.0,0.07,184600.0,0.03,184500.0,1.0,184300.0,0.09,184200.0,0.12,184100.0,0.82,184000.0,0.96,183900.0,0.28,183800.0,0.97,183700.0,0.38,184800.0,0.16,184900.0,0.01,185000.0,1.0,185100.0,0.94,185200.0,0.01,185300.0,0.15,185400.0,0.26,185500.0,0.32,185600.0,0.53,185700.0,0.01
000066.SZ,2020-08-03,09:33:33,184800.0,6400.0,1182009600.0,184600.0,0.02,184500.0,1.0,184400.0,0.34,184300.0,0.09,184200.0,0.26,184100.0,0.82,184000.0,0.96,183900.0,0.29,183800.0,0.97,183700.0,0.38,184700.0,0.14,184800.0,0.16,184900.0,0.01,185000.0,1.0,185100.0,0.95,185200.0,0.01,185300.0,0.15,185400.0,0.26,185500.0,0.32,185600.0,0.53
000066.SZ,2020-08-03,09:33:34,184700.0,35200.0,6506051200.0,184800.0,0.01,184600.0,0.01,184500.0,1.0,184400.0,0.34,184300.0,0.09,184200.0,0.26,184100.0,0.8,184000.0,0.99,183900.0,0.29,183800.0,0.97,185000.0,1.0,185100.0,1.0,185200.0,0.01,185300.0,0.15,185400.0,0.26,185500.0,0.32,185600.0,0.53,185700.0,0.01,185800.0,0.03,185900.0,0.08
000066.SZ,2020-08-03,09:33:35,184800.0,18700.0,3451272000.0,184500.0,1.0,184400.0,0.34,184300.0,0.09,184200.0,0.26,184100.0,0.8,184000.0,0.99,183900.0,0.29,183800.0,0.97,183700.0,0.38,183600.0,0.65,185000.0,1.0,185100.0,1.0,185200.0,0.01,185300.0,0.15,185400.0,0.26,185500.0,0.32,185600.0,0.53,185700.0,0.01,185800.0,0.03,185900.0,0.08
000066.SZ,2020-08-03,09:33:36,185000.0,28400.0,5251074800.0,184600.0,0.0,184500.0,1.0,184400.0,0.34,184300.0,0.1,184200.0,0.26,184100.0,0.8,184000.0,0.99,183900.0,0.29,183800.0,0.97,183700.0,0.38,184900.0,0.07,185000.0,0.92,185100.0,1.0,185200.0,0.01,185300.0,0.15,185400.0,0.26,185500.0,0.35,185600.0,0.53,185700.0,0.01,185800.0,0.03
000066.SZ,2020-08-03,09:33:37,184600.0,12200.0,2251253800.0,184700.0,0.04,184500.0,1.0,184400.0,0.35,184300.0,0.1,184200.0,0.22,184100.0,0.8,184000.0,1.0,183900.0,0.29,183800.0,0.97,183700.0,0.38,184800.0,0.0,184900.0,0.07,185000.0,0.92,185100.0,1.0,185200.0,0.01,185300.0,0.15,185400.0,0.26,185500.0,0.35,185600.0,0.55,185700.0,0.01
000066.SZ,2020-08-03,09:33:38,184700.0,3900.0,720330000.0,184600.0,0.09,184500.0,1.0,184400.0,0.36,184300.0,0.1,184200.0,0.24,184100.0,0.8,184000.0,1.0,183900.0,0.29,183800.0,0.97,183700.0,0.38,184900.0,0.2,185000.0,0.92,185100.0,1.0,185200.0,0.01,185300.0,0.15,185400.0,0.26,185500.0,0.36,185600.0,0.55,185700.0,0.01,185800.0,0.03
000066.SZ,2020-08-03,09:33:39,184700.0,16400.0,3027259600.0,184500.0,1.0,184400.0,0.37,184300.0,0.1,184200.0,0.24,184100.0,0.8,184000.0,1.0,183900.0,0.29,183800.0,0.9,183700.0,0.68,183600.0,0.65,184900.0,0.19,185000.0,0.92,185100.0,1.0,185200.0,0.01,185300.0,0.15,185400.0,0.26,185500.0,0.36,185600.0,0.55,185700.0,0.01,185800.0,0.03
000066.SZ,2020-08-03,09:33:40,184900.0,17500.0,3233160000.0,184500.0,1.0,184400.0,0.37,184300.0,0.1,184200.0,0.24,184100.0,0.8,184000.0,1.0,183900.0,0.29,183800.0,0.92,183700.0,0.68,183600.0,0.65,184800.0,0.1,184900.0,0.45,185000.0,0.92,185100.0,1.0,185200.0,0.01,185300.0,0.15,185400.0,0.26,185500.0,0.38,185600.0,0.55,185700.0,0.01
000066.SZ,2020-08-03,09:33:41,184800.0,1100.0,203209600.0,184600.0,0.01,184500.0,1.0,184400.0,0.37,184300.0,0.1,184200.0,0.24,184100.0,0.8,184000.0,1.0,183900.0,0.29,183800.0,0.92,183700.0,0.68,184800.0,0.11,184900.0,0.45,185000.0,0.92,185100.0,1.0,185200.0,0.02,185300.0,0.15,185400.0,0.26,185500.0,0.38,185600.0,0.55,185700.0,0.01
000066.SZ,2020-08-03,09:33:42,184700.0,6800.0,1256544800.0,184700.0,0.0,184600.0,0.08,184500.0,1.0,184400.0,0.03,184300.0,0.1,184200.0,0.24,184100.0,0.8,184000.0,1.0,183900.0,0.29,183800.0,0.92,184800.0,0.03,184900.0,1.0,185000.0,0.92,185100.0,1.0,185200.0,0.02,185300.0,0.15,185400.0,0.22,185500.0,0.38,185600.0,0.55,185700.0,0.01
000066.SZ,2020-08-03,09:33:43,184800.0,10300.0,1903254600.0,184600.0,0.06,184500.0,1.0,184400.0,0.03,184300.0,0.1,184200.0,0.24,184100.0,0.81,184000.0,1.0,183900.0,0.29,183800.0,0.92,183700.0,0.68,184900.0,0.97,185000.0,0.93,185100.0,1.0,185200.0,0.03,185300.0,0.15,185400.0,0.22,185500.0,0.38,185600.0,0.55,185700.0,0.01,185800.0,0.03
000066.SZ,2020-08-03,09:33:44,184600.0,8200.0,1515409200.0,184600.0,0.23,184500.0,1.0,184400.0,0.03,184300.0,0.1,184200.0,0.24,184100.0,0.81,184000.0,1.0,183900.0,0.29,183800.0,0.92,183700.0,0.68,184800.0,0.01,184900.0,0.97,185000.0,0.93,185100.0,1.0,185200.0,0.03,185300.0,0.15,185400.0,0.22,185500.0,0.38,185600.0,0.55,185700.0,0.01
000066.SZ,2020-08-03,09:33:45,184800.0,100400.0,18560245200.0,184900.0,0.03,184700.0,0.03,184600.0,0.07,184500.0,1.0,184400.0,0.03,184300.0,0.1,184200.0,0.24,184100.0,0.81,184000.0,1.0,183900.0,0.29,185000.0,0.82,185100.0,1.0,185200.0,0.03,185300.0,0.15,185400.0,0.22,185500.0,0.38,185600.0,0.55,185700.0,0.01,185800.0,0.03,185900.0,0.08
000066.SZ,2020-08-03,09:33:46,184900.0,83000.0,15346036000.0,184600.0,0.03,184500.0,1.0,184400.0,0.03,184300.0,0.15,184200.0,0.24,184100.0,0.81,184000.0,1.0,183900.0,0.29,183800.0,0.92,183700.0,0.68,184700.0,0.01,184900.0,0.04,185000.0,0.29,185100.0,1.0,185200.0,0.03,185300.0,0.15,185400.0,0.22,185500.0,0.38,185600.0,0.55,185700.0,0.01
000066.SZ,2020-08-03,09:33:47,184700.0,5700.0,1052949600.0,184600.0,0.02,184500.0,1.0,184400.0,0.03,184300.0,0.15,184200.0,0.24,184100.0,0.81,184000.0,1.0,183900.0,0.29,183800.0,0.92,183700.0,0.68,184700.0,0.01,184800.0,0.01,184900.0,0.02,185000.0,0.3,185100.0,1.0,185200.0,0.03,185300.0,0.15,185400.0,0.22,185500.0,0.38,185600.0,0.55
000066.SZ,2020-08-03,09:33:48,184900.0,0.0,0.0,184500.0,1.0,184400.0,0.03,184300.0,0.15,184200.0,0.24,184100.0,0.81,184000.0,1.0,183900.0,0.29,183800.0,0.92,183700.0,0.68,183600.0,0.64,184600.0,0.01,184700.0,0.01,184800.0,0.01,184900.0,0.02,185000.0,0.32,185100.0,1.0,185200.0,0.03,185300.0,0.15,185400.0,0.22,185500.0,0.38
000066.SZ,2020-08-03,09:33:49,184900.0,0.0,0.0,184500.0,1.0,184400.0,0.04,184300.0,0.15,184200.0,0.24,184100.0,0.81,184000.0,1.0,183900.0,0.29,183800.0,0.92,183700.0,0.68,183600.0,0.64,184600.0,0.02,184700.0,0.01,184800.0,0.01,184900.0,0.05,185000.0,0.34,185100.0,1.0,185200.0,0.03,185300.0,0.15,185400.0,0.22,185500.0,0.38
000066.SZ,2020-08-03,09:33:50,184900.0,0.0,0.0,184500.0,1.0,184400.0,0.04,184300.0,0.15,184200.0,0.24,184100.0,0.82,184000.0,1.0,183900.0,0.29,183800.0,0.92,183700.0,0.68,183600.0,0.64,184600.0,0.02,184700.0,0.2,184800.0,0.12,184900.0,0.07,185000.0,0.35,185100.0,1.0,185200.0,0.03,185300.0,0.15,185400.0,0.22,185500.0,0.38
000066.SZ,2020-08-03,09:33:51,184900.0,0.0,0.0,184500.0,1.0,184400.0,0.04,184300.0,0.15,184200.0,0.24,184100.0,0.82,184000.0,1.0,183900.0,0.29,183800.0,0.92,183700.0,0.68,183600.0,0.64,184600.0,0.03,184700.0,0.25,184800.0,0.15,184900.0,0.08,185000.0,0.37,185100.0,1.0,185200.0,0.03,185300.0,0.15,185400.0,0.22,185500.0,0.4
000066.SZ,2020-08-03,09:33:52,184900.0,133000.0,24548076000.0,184500.0,1.0,184400.0,0.04,184300.0,0.15,184200.0,0.24,184100.0,0.82,184000.0,1.0,183900.0,0.29,183800.0,0.91,183700.0,0.68,183600.0,0.64,184700.0,0.02,185000.0,0.34,185100.0,1.0,185200.0,0.03,185300.0,0.15,185400.0,0.22,185500.0,0.4,185600.0,0.55,185700.0,0.01,185800.0,0.03
000066.SZ,2020-08-03,09:33:53,184800.0,28700.0,5298192200.0,184700.0,0.01,184600.0,0.02,184500.0,1.0,184400.0,0.04,184300.0,0.13,184200.0,0.24,184100.0,0.82,184000.0,1.0,183900.0,0.29,183800.0,0.91,184800.0,0.7,184900.0,0.03,185000.0,0.37,185100.0,1.0,185200.0,0.03,185300.0,0.15,185400.0,0.22,185500.0,0.4,185600.0,0.55,185700.0,0.01
000066.SZ,2020-08-03,09:33:54,184900.0,40200.0,7420397400.0,184700.0,0.09,184600.0,0.01,184500.0,1.0,184400.0,0.04,184300.0,0.13,184200.0,0.24,184100.0,0.82,184000.0,1.0,183900.0,0.29,183800.0,0.91,184800.0,0.61,184900.0,0.08,185000.0,0.45,185100.0,1.0,185200.0,0.03,185300.0,0.15,185400.0,0.22,185500.0,0.4,185600.0,0.55,185700.0,0.01
000066.SZ,2020-08-03,09:33:55,184800.0,7400.0,1366839200.0,184700.0,0.03,184600.0,0.01,184500.0,1.0,184400.0,0.04,184300.0,0.13,184200.0,0.24,184100.0,0.82,184000.0,1.0,183900.0,0.29,183800.0,0.91,184800.0,0.62,184900.0,0.08,185000.0,0.47,185100.0,1.0,185200.0,0.04,185300.0,0.15,185400.0,0.22,185500.0,0.4,185600.0,0.55,185700.0,0.01
000066.SZ,2020-08-03,09:33:56,184700.0,26600.0,4915201200.0,184600.0,0.02,184500.0,1.0,184400.0,0.04,184300.0,0.13,184200.0,0.24,184100.0,0.82,184000.0,1.0,183900.0,0.29,183800.0,0.91,183700.0,0.68,184800.0,0.32,184900.0,0.18,185000.0,0.47,185100.0,1.0,185200.0,0.04,185300.0,0.15,185400.0,0.22,185500.0,0.4,185600.0,0.55,185700.0,0.01
000066.SZ,2020-08-03,09:33:57,184600.0,0.0,0.0,184600.0,0.03,184500.0,1.0,184400.0,0.04,184300.0,0.13,184200.0,0.24,184100.0,0.82,184000.0,1.0,183900.0,0.29,183800.0,0.91,183700.0,0.68,184700.0,0.18,184800.0,0.32,184900.0,0.19,185000.0,0.48,185100.0,1.0,185200.0,0.04,185300.0,0.15,185400.0,0.22,185500.0,0.4,185600.0,0.55
000066.SZ,2020-08-03,09:33:58,184600.0,7800.0,1440535200.0,184500.0,1.0,184400.0,0.04,184300.0,0.13,184200.0,0.24,184100.0,0.82,184000.0,1.0,183900.0,0.29,183800.0,0.91,183700.0,0.68,183600.0,0.64,184600.0,0.16,184700.0,0.2,184800.0,0.32,184900.0,0.2,185000.0,0.49,185100.0,1.0,185200.0,0.04,185300.0,0.15,185400.0,0.22,185500.0,0.4
000066.SZ,2020-08-03,09:33:59,184700.0,0.0,0.0,184500.0,1.0,184400.0,0.04,184300.0,0.13,184200.0,0.24,184100.0,0.82,184000.0,1.0,183900.0,0.29,183800.0,0.91,183700.0,0.68,183600.0,0.64,184600.0,0.84,184700.0,0.74,184800.0,0.33,184900.0,0.25,185000.0,0.5,185100.0,1.0,185200.0,0.04,185300.0,0.15,185400.0,0.22,185500.0,0.4
000066.SZ,2020-08-03,09:34:00,184700.0,61100.0,11279487700.0,184500.0,1.0,184400.0,0.04,184300.0,0.13,184200.0,0.24,184100.0,0.82,184000.0,1.0,183900.0,0.29,183800.0,0.93,183700.0,0.68,183600.0,0.64,184800.0,0.35,184900.0,0.25,185000.0,0.51,185100.0,0.36,185200.0,0.04,185300.0,0.15,185400.0,0.22,185500.0,0.4,185600.0,0.55,185700.0,0.01
000066.SZ,2020-08-03,09:34:01,184600.0,48400.0,8930768000.0,184500.0,0.77,184400.0,0.03,184300.0,0.13,184200.0,0.24,184100.0,0.82,184000.0,1.0,183900.0,0.29,183800.0,0.93,183700.0,0.68,183600.0,0.64,184700.0,0.05,184800.0,0.37,184900.0,0.25,185000.0,0.52,185100.0,0.36,185200.0,0.04,185300.0,0.15,185400.0,0.22,185500.0,0.4,185600.0,0.55
000066.SZ,2020-08-03,09:34:02,184500.0,64900.0,11984109500.0,184500.0,0.63,184400.0,0.03,184300.0,0.13,184200.0,0.24,184100.0,0.82,184000.0,1.0,183900.0,0.29,183800.0,0.93,183700.0,0.68,183600.0,0.64,184700.0,0.12,184800.0,0.37,184900.0,0.25,185000.0,0.52,185100.0,0.43,185200.0,0.04,185300.0,0.15,185400.0,0.22,185500.0,0.4,185600.0,0.55
000066.SZ,2020-08-03,09:34:03,184700.0,14200.0,2621447800.0,184500.0,0.68,184400.0,0.03,184300.0,0.13,184200.0,0.24,184100.0,0.82,184000.0,1.0,183900.0,0.29,183800.0,0.93,183700.0,0.68,183600.0,0.64,184600.0,0.04,184700.0,0.11,184800.0,0.39,184900.0,0.24,185000.0,0.52,185100.0,0.43,185200.0,0.04,185300.0,0.15,185400.0,0.22,185500.0,0.4
000066.SZ,2020-08-03,09:34:04,184600.0,44400.0,8191977600.0,184500.0,0.19,184400.0,0.03,184300.0,0.13,184200.0,0.24,184100.0,0.82,184000.0,1.0,183900.0,0.29,183800.0,0.93,183700.0,0.68,183600.0,0.64,184600.0,0.02,184700.0,0.14,184800.0,0.39,184900.0,0.24,185000.0,0.52,185100.0,0.43,185200.0,0.04,185300.0,0.15,185400.0,0.22,185500.0,0.4
000066.SZ,2020-08-03,09:34:05,184500.0,18700.0,3450804500.0,184300.0,0.13,184200.0,0.24,184100.0,0.82,184000.0,1.0,183900.0,0.29,183800.0,0.93,183700.0,0.68,183600.0,0.64,183500.0,1.0,183400.0,0.07,184400.0,0.05,184500.0,0.21,184600.0,0.01,184700.0,0.14,184800.0,0.37,184900.0,0.24,185000.0,0.53,185100.0,0.43,185200.0,0.04,185300.0,0.15
000066.SZ,2020-08-03,09:34:06,184600.0,17300.0,3191365600.0,184300.0,0.13,184200.0,0.24,184100.0,0.82,184000.0,1.0,183900.0,0.29,183800.0,0.93,183700.0,0.68,183600.0,0.64,183500.0,1.0,183400.0,0.07,184400.0,0.09,184500.0,0.19,184600.0,0.02,184700.0,0.14,184800.0,0.51,184900.0,0.23,185000.0,0.66,185100.0,0.43,185200.0,0.04,185300.0,0.15
000066.SZ,2020-08-03,09:34:07,184400.0,7100.0,1309247100.0,184300.0,0.13,184200.0,0.24,184100.0,0.82,184000.0,1.0,183900.0,0.29,183800.0,0.93,183700.0,0.68,183600.0,0.64,183500.0,1.0,183400.0,0.07,184500.0,1.0,184600.0,0.06,184700.0,0.13,184800.0,0.51,184900.0,0.23,185000.0,0.66,185100.0,0.41,185200.0,0.04,185300.0,0.15,185400.0,0.22
000066.SZ,2020-08-03,09:34:08,184500.0,5300.0,977309400.0,184300.0,0.09,184200.0,0.24,184100.0,0.82,184000.0,1.0,183900.0,0.29,183800.0,0.93,183700.0,0.68,183600.0,0.64,183500.0,1.0,183400.0,0.07,184500.0,1.0,184600.0,0.14,184700.0,0.13,184800.0,0.51,184900.0,0.23,185000.0,0.67,185100.0,0.41,185200.0,0.04,185300.0,0.15,185400.0,0.22
000066.SZ,2020-08-03,09:34:09,184500.0,26400.0,4865995200.0,184200.0,0.08,184100.0,0.82,184000.0,1.0,183900.0,0.29,183800.0,0.93,183700.0,0.68,183600.0,0.64,183500.0,1.0,183400.0,0.07,183300.0,0.48,184500.0,1.0,184600.0,0.14,184700.0,0.13,184800.0,0.51,184900.0,0.23,185000.0,0.67,185100.0,0.41,185200.0,0.04,185300.0,0.15,185400.0,0.22
000066.SZ,2020-08-03,09:34:10,184500.0,5200.0,959400000.0,184200.0,0.08,184100.0,0.82,184000.0,1.0,183900.0,0.29,183800.0,0.93,183700.0,0.68,183600.0,0.64,183500.0,1.0,183400.0,0.07,183300.0,0.48,184300.0,0.13,184500.0,1.0,184600.0,0.23,184700.0,0.13,184800.0,0.51,184900.0,0.23,185000.0,0.69,185100.0,0.41,185200.0,0.04,185300.0,0.15
000066.SZ,2020-08-03,09:34:11,184500.0,9400.0,1733228400.0,184200.0,0.07,184100.0,0.82,184000.0,1.0,183900.0,0.13,183800.0,0.93,183700.0,0.68,183600.0,0.64,183500.0,1.0,183400.0,0.07,183300.0,0.48,184300.0,0.01,184500.0,1.0,184600.0,0.23,184700.0,0.13,184800.0,0.51,184900.0,0.23,185000.0,0.69,185100.0,0.41,185200.0,0.04,185300.0,0.15
000066.SZ,2020-08-03,09:34:12,184300.0,7500.0,1382115000.0,184200.0,0.06,184100.0,0.83,184000.0,1.0,183900.0,0.13,183800.0,0.93,183700.0,0.68,183600.0,0.61,183500.0,1.0,183400.0,0.07,183300.0,0.48,184300.0,0.02,184500.0,1.0,184600.0,0.24,184700.0,0.13,184800.0,0.51,184900.0,0.26,185000.0,0.71,185100.0,0.41,185200.0,0.04,185300.0,0.15
000066.SZ,2020-08-03,09:34:13,184200.0,21400.0,3942179600.0,184100.0,0.69,184000.0,1.0,183900.0,0.13,183800.0,0.93,183700.0,0.68,183600.0,0.61,183500.0,1.0,183400.0,0.07,183300.0,0.48,183200.0,0.41,184500.0,1.0,184600.0,0.24,184700.0,0.13,184800.0,0.51,184900.0,0.26,185000.0,0.69,185100.0,0.39,185200.0,0.04,185300.0,0.15,185400.0,0.22
000066.SZ,2020-08-03,09:34:14,184100.0,50900.0,9378477700.0,184400.0,0.02,184100.0,0.79,184000.0,1.0,183900.0,0.13,183800.0,0.93,183700.0,0.68,183600.0,0.61,183500.0,1.0,183400.0,0.07,183300.0,0.48,184500.0,1.0,184600.0,0.27,184700.0,0.13,184800.0,0.51,184900.0,0.29,185000.0,0.78,185100.0,0.39,185200.0,0.04,185300.0,0.15,185400.0,0.22
000066.SZ,2020-08-03,09:34:15,184500.0,93500.0,17246075000.0,184300.0,0.25,184100.0,0.41,184000.0,1.0,183900.0,0.13,183800.0,0.93,183700.0,0.68,183600.0,0.6,183500.0,1.0,183400.0,0.07,183300.0,0.48,184500.0,0.11,184600.0,0.27,184700.0,0.12,184800.0,0.52,184900.0,0.27,185000.0,0.78,185100.0,0.39,185200.0,0.04,185300.0,0.15,185400.0,0.22
000066.SZ,2020-08-03,09:34:16,184300.0,51100.0,9413233200.0,184200.0,0.55,184100.0,0.16,184000.0,1.0,183900.0,0.13,183800.0,0.93,183700.0,0.68,183600.0,0.6,183500.0,1.0,183400.0,0.07,183300.0,0.48,184300.0,0.08,184500.0,0.13,184600.0,0.26,184700.0,0.12,184800.0,0.52,184900.0,0.27,185000.0,0.83,185100.0,0.39,185200.0,0.04,185300.0,0.15
000066.SZ,2020-08-03,09:34:17,184300.0,8000.0,1474568000.0,184200.0,0.54,184100.0,0.16,184000.0,1.0,183900.0,0.13,183800.0,0.93,183700.0,0.68,183600.0,0.6,183500.0,1.0,183400.0,0.07,183300.0,0.48,184300.0,0.03,184500.0,0.14,184600.0,0.26,184700.0,0.12,184800.0,0.52,184900.0,0.27,185000.0,0.83,185100.0,0.39,185200.0,0.04,185300.0,0.15
000066.SZ,2020-08-03,09:34:18,184200.0,8900.0,1640038600.0,184200.0,0.49,184100.0,0.16,184000.0,1.0,183900.0,0.13,183800.0,0.93,183700.0,0.68,183600.0,0.6,183500.0,1.0,183400.0,0.07,183300.0,0.48,184400.0,0.01,184500.0,0.19,184600.0,0.26,184700.0,0.12,184800.0,0.52,184900.0,0.27,185000.0,0.83,185100.0,0.39,185200.0,0.04,185300.0,0.15
000066.SZ,2020-08-03,09:34:19,184200.0,7200.0,1326535200.0,184200.0,0.49,184100.0,0.13,184000.0,1.0,183900.0,0.13,183800.0,0.93,183700.0,0.68,183600.0,0.6,183500.0,1.0,183400.0,0.07,183300.0,0.48,184300.0,0.04,184400.0,0.02,184500.0,0.21,184600.0,0.26,184700.0,0.17,184800.0,0.52,184900.0,0.27,185000.0,0.83,185100.0,0.39,185200.0,0.04
000066.SZ,2020-08-03,09:34:20,184200.0,7900.0,1455567100.0,184200.0,0.49,184100.0,0.2,184000.0,1.0,183900.0,0.13,183800.0,0.93,183700.0,0.68,183600.0,0.6,183500.0,1.0,183400.0,0.07,183300.0,0.48,184300.0,0.04,184400.0,0.04,184500.0,0.27,184600.0,0.26,184700.0,0.17,184800.0,0.52,184900.0,0.27,185000.0,0.83,185100.0,0.39,185200.0,0.04
000066.SZ,2020-08-03,09:34:21,184200.0,15400.0,2836695400.0,184200.0,0.28,184100.0,0.2,184000.0,1.0,183900.0,0.13,183800.0,0.93,183700.0,0.68,183600.0,0.6,183500.0,1.0,183400.0,0.07,183300.0,0.48,184300.0,0.29,184400.0,0.04,184500.0,0.27,184600.0,0.26,184700.0,0.14,184800.0,0.52,184900.0,0.27,185000.0,0.83,185100.0,0.39,185200.0,0.04
000066.SZ,2020-08-03,09:34:22,184200.0,23800.0,4383841000.0,184100.0,0.18,184000.0,1.0,183900.0,0.13,183800.0,0.93,183700.0,0.68,183600.0,0.6,183500.0,1.0,183400.0,0.07,183300.0,0.48,183200.0,0.42,184200.0,0.01,184300.0,0.3,184400.0,0.04,184500.0,0.3,184600.0,0.25,184700.0,0.14,184800.0,0.54,184900.0,0.27,185000.0,0.83,185100.0,0.39
000066.SZ,2020-08-03,09:34:23,184200.0,29700.0,5467770000.0,184000.0,1.0,183900.0,0.13,183800.0,0.93,183700.0,0.68,183600.0,0.6,183500.0,1.0,183400.0,0.07,183300.0,0.48,183200.0,0.42,183100.0,0.4,184200.0,0.19,184300.0,0.32,184400.0,0.04,184500.0,0.3,184600.0,0.23,184700.0,0.14,184800.0,0.54,184900.0,0.27,185000.0,0.84,185100.0,0.39
000066.SZ,2020-08-03,09:34:24,184200.0,3500.0,644549500.0,184000.0,1.0,183900.0,0.13,183800.0,0.93,183700.0,0.68,183600.0,0.6,183500.0,1.0,183400.0,0.07,183300.0,0.48,183200.0,0.42,183100.0,0.4,184100.0,0.0,184200.0,0.23,184300.0,0.42,184400.0,0.04,184500.0,0.32,184600.0,0.19,184700.0,0.14,184800.0,0.54,184900.0,0.27,185000.0,0.86
000066.SZ,2020-08-03,09:34:25,184000.0,30200.0,5556830200.0,184000.0,0.93,183900.0,0.13,183800.0,0.93,183700.0,0.68,183600.0,0.6,183500.0,1.0,183400.0,0.07,183300.0,0.48,183200.0,0.42,183100.0,0.4,184100.0,0.15,184200.0,0.31,184300.0,0.43,184400.0,0.16,184500.0,0.33,184600.0,0.19,184700.0,0.14,184800.0,0.54,184900.0,0.27,185000.0,0.89
000066.SZ,2020-08-03,09:34:26,184000.0,0.0,0.0,184000.0,0.93,183900.0,0.13,183800.0,0.96,183700.0,0.68,183600.0,0.6,183500.0,1.0,183400.0,0.07,183300.0,0.48,183200.0,0.42,183100.0,0.4,184100.0,0.15,184200.0,0.51,184300.0,0.43,184400.0,0.16,184500.0,0.34,184600.0,0.19,184700.0,0.14,184800.0,0.54,184900.0,0.27,185000.0,0.89
000066.SZ,2020-08-03,09:34:27,184000.0,58700.0,10801856600.0,184000.0,0.25,183900.0,0.13,183800.0,0.95,183700.0,0.68,183600.0,0.6,183500.0,1.0,183400.0,0.07,183300.0,0.48,183200.0,0.42,183100.0,0.4,184200.0,0.58,184300.0,0.41,184400.0,0.16,184500.0,0.29,184600.0,0.19,184700.0,0.14,184800.0,0.54,184900.0,0.27,185000.0,0.89,185100.0,0.39
000066.SZ,2020-08-03,09:34:28,184000.0,0.0,0.0,183900.0,0.13,183800.0,0.95,183700.0,0.68,183600.0,0.6,183500.0,1.0,183400.0,0.07,183300.0,0.48,183200.0,0.42,183100.0,0.4,183000.0,1.0,184000.0,1.0,184200.0,0.67,184300.0,0.41,184400.0,0.16,184500.0,0.29,184600.0,0.19,184700.0,0.14,184800.0,0.59,184900.0,0.27,185000.0,0.89
000066.SZ,2020-08-03,09:34:29,184000.0,18900.0,3477713400.0,183900.0,0.13,183800.0,0.95,183700.0,0.68,183600.0,0.6,183500.0,1.0,183400.0,0.07,183300.0,0.48,183200.0,0.42,183100.0,0.4,183000.0,1.0,184000.0,0.37,184200.0,0.75,184300.0,0.3,184400.0,0.16,184500.0,0.29,184600.0,0.16,184700.0,0.14,184800.0,0.59,184900.0,0.27,185000.0,0.89
000066.SZ,2020-08-03,09:34:30,184000.0,0.0,0.0,183900.0,0.13,183800.0,0.95,183700.0,0.68,183600.0,0.6,183500.0,1.0,183400.0,0.07,183300.0,0.48,183200.0,0.42,183100.0,0.4,183000.0,1.0,184000.0,0.4,184200.0,0.78,184300.0,0.32,184400.0,0.16,184500.0,0.29,184600.0,0.16,184700.0,0.14,184800.0,0.59,184900.0,0.27,185000.0,0.89
000066.SZ,2020-08-03,09:34:31,184000.0,0.0,0.0,183800.0,0.95,183700.0,0.68,183600.0,0.6,183500.0,1.0,183400.0,0.07,183300.0,0.48,183200.0,0.42,183100.0,0.4,183000.0,1.0,182900.0,0.09,183900.0,0.25,184000.0,0.41,184200.0,0.78,184300.0,0.32,184400.0,0.16,184500.0,0.29,184600.0,0.16,184700.0,0.14,184800.0,0.59,184900.0,0.27
000066.SZ,2020-08-03,09:34:32,184000.0,0.0,0.0,183800.0,0.95,183700.0,0.68,183600.0,0.6,183500.0,1.0,183400.0,0.07,183300.0,0.48,183200.0,0.42,183100.0,0.4,183000.0,1.0,182900.0,0.09,183900.0,0.25,184000.0,0.48,184200.0,0.85,184300.0,0.32,184400.0,0.16,184500.0,0.29,184600.0,0.16,184700.0,0.14,184800.0,0.59,184900.0,0.27
000066.SZ,2020-08-03,09:34:33,184000.0,76400.0,14045452400.0,183800.0,0.19,183700.0,0.68,183600.0,0.6,183500.0,1.0,183400.0,0.07,183300.0,0.48,183200.0,0.42,183100.0,0.4,183000.0,1.0,182900.0,0.09,184000.0,0.51,184200.0,0.62,184300.0,0.32,184400.0,0.16,184500.0,0.29,184600.0,0.1,184700.0,0.14,184800.0,0.57,184900.0,0.25,185000.0,0.89
000066.SZ,2020-08-03,09:34:34,183900.0,0.0,0.0,184000.0,0.71,183800.0,0.19,183700.0,0.68,183600.0,0.6,183500.0,1.0,183400.0,0.07,183300.0,0.48,183200.0,0.42,183100.0,0.4,183000.0,1.0,184100.0,0.01,184200.0,0.62,184300.0,0.32,184400.0,0.16,184500.0,0.29,184600.0,0.1,184700.0,0.14,184800.0,0.57,184900.0,0.25,185000.0,0.9
000066.SZ,2020-08-03,09:34:35,183900.0,0.0,0.0,183800.0,0.19,183700.0,0.68,183600.0,0.6,183500.0,1.0,183400.0,0.07,183300.0,0.48,183200.0,0.42,183100.0,0.4,183000.0,1.0,182900.0,0.09,184000.0,1.0,184100.0,0.01,184200.0,0.62,184300.0,0.32,184400.0,0.16,184500.0,0.29,184600.0,0.1,184700.0,0.14,184800.0,0.57,184900.0,0.25
000066.SZ,2020-08-03,09:34:36,183900.0,0.0,0.0,183800.0,0.19,183700.0,0.68,183600.0,0.6,183500.0,1.0,183400.0,0.07,183300.0,0.48,183200.0,0.42,183100.0,0.4,183000.0,1.0,182900.0,0.09,184000.0,1.0,184100.0,0.01,184200.0,0.62,184300.0,0.32,184400.0,0.16,184500.0,0.29,184600.0,0.1,184700.0,0.14,184800.0,0.57,184900.0,0.25
000066.SZ,2020-08-03,09:34:37,183900.0,100500.0,18483558000.0,183700.0,0.55,183600.0,0.59,183500.0,1.0,183400.0,0.04,183300.0,0.48,183200.0,0.42,183100.0,0.39,183000.0,1.0,182900.0,0.09,182800.0,0.51,184000.0,0.69,184100.0,0.02,184200.0,0.56,184300.0,0.32,184400.0,0.16,184500.0,0.29,184600.0,0.1,184700.0,0.1,184800.0,0.56,184900.0,0.2
000066.SZ,2020-08-03,09:34:38,183900.0,500.0,91950000.0,183800.0,0.05,183700.0,0.55,183600.0,0.59,183500.0,1.0,183400.0,0.04,183300.0,0.48,183200.0,0.42,183100.0,0.39,183000.0,1.0,182900.0,0.09,183900.0,0.01,184000.0,0.94,184100.0,0.02,184200.0,0.56,184300.0,0.32,184400.0,0.16,184500.0,0.29,184600.0,0.1,184700.0,0.1,184800.0,0.56
000066.SZ,2020-08-03,09:34:39,183900.0,63900.0,11745203400.0,183700.0,0.11,183600.0,0.59,183500.0,1.0,183400.0,0.04,183300.0,0.48,183200.0,0.42,183100.0,0.39,183000.0,1.0,182900.0,0.09,182800.0,0.51,183900.0,0.02,184000.0,0.97,184100.0,0.02,184200.0,0.62,184300.0,0.31,184400.0,0.18,184500.0,0.29,184600.0,0.1,184700.0,0.1,184800.0,0.56
000066.SZ,2020-08-03,09:34:40,183700.0,0.0,0.0,183900.0,0.04,183800.0,0.03,183700.0,0.11,183600.0,0.59,183500.0,1.0,183400.0,0.04,183300.0,0.48,183200.0,0.42,183100.0,0.39,183000.0,1.0,184000.0,0.97,184100.0,0.02,184200.0,0.62,184300.0,0.31,184400.0,0.18,184500.0,0.29,184600.0,0.1,184700.0,0.1,184800.0,0.56,184900.0,0.2
000066.SZ,2020-08-03,09:34:41,183700.0,0.0,0.0,183700.0,0.19,183600.0,0.59,183500.0,1.0,183400.0,0.04,183300.0,0.48,183200.0,0.42,183100.0,0.39,183000.0,1.0,182900.0,0.09,182800.0,0.51,183800.0,0.1,183900.0,0.04,184000.0,1.0,184100.0,0.02,184200.0,0.62,184300.0,0.31,184400.0,0.18,184500.0,0.43,184600.0,0.1,184700.0,0.1
000066.SZ,2020-08-03,09:34:42,183700.0,73000.0,13406669000.0,183500.0,1.0,183400.0,0.04,183300.0,0.48,183200.0,0.42,183100.0,0.39,183000.0,1.0,182900.0,0.09,182800.0,0.51,182700.0,0.11,182600.0,0.08,183700.0,0.18,183800.0,0.57,183900.0,0.03,184000.0,0.97,184100.0,0.02,184200.0,0.61,184300.0,0.32,184400.0,0.18,184500.0,0.43,184600.0,0.1
000066.SZ,2020-08-03,09:34:43,183500.0,15200.0,2791799200.0,183500.0,1.0,183400.0,0.04,183300.0,0.48,183200.0,0.42,183100.0,0.39,183000.0,1.0,182900.0,0.09,182800.0,0.49,182700.0,0.11,182600.0,0.08,183700.0,0.15,183800.0,0.57,183900.0,0.03,184000.0,0.96,184100.0,0.02,184200.0,0.61,184300.0,0.32,184400.0,0.18,184500.0,0.43,184600.0,0.1
000066.SZ,2020-08-03,09:34:44,183700.0,0.0,0.0,183700.0,0.42,183500.0,1.0,183400.0,0.04,183300.0,0.48,183200.0,0.42,183100.0,0.39,183000.0,1.0,182900.0,0.09,182800.0,0.49,182700.0,0.11,183800.0,0.58,183900.0,0.03,184000.0,0.96,184100.0,0.02,184200.0,0.61,184300.0,0.32,184400.0,0.18,184500.0,0.44,184600.0,0.1,184700.0,0.09
000066.SZ,2020-08-03,09:34:45,183700.0,31100.0,5713163300.0,183700.0,0.02,183600.0,0.28,183500.0,1.0,183400.0,0.04,183300.0,0.47,183200.0,0.42,183100.0,0.39,183000.0,1.0,182900.0,0.09,182800.0,0.49,183800.0,0.58,183900.0,0.03,184000.0,0.92,184100.0,0.02,184200.0,0.6,184300.0,0.32,184400.0,0.18,184500.0,0.43,184600.0,0.1,184700.0,0.09
000066.SZ,2020-08-03,09:34:46,183700.0,82000.0,15068648000.0,183800.0,0.02,183700.0,0.36,183600.0,0.28,183500.0,1.0,183400.0,0.04,183300.0,0.47,183200.0,0.42,183100.0,0.39,183000.0,1.0,182900.0,0.09,183900.0,0.06,184000.0,0.91,184100.0,0.02,184200.0,0.61,184300.0,0.32,184400.0,0.17,184500.0,0.44,184600.0,0.1,184700.0,0.09,184800.0,0.54
000066.SZ,2020-08-03,09:34:47,183800.0,7500.0,1378125000.0,183800.0,0.02,183700.0,0.3,183600.0,0.28,183500.0,1.0,183400.0,0.09,183300.0,0.47,183200.0,0.42,183100.0,0.39,183000.0,1.0,182900.0,0.09,183900.0,0.04,184000.0,0.9,184100.0,0.02,184200.0,0.61,184300.0,0.31,184400.0,0.17,184500.0,0.44,184600.0,0.1,184700.0,0.09,184800.0,0.54
000066.SZ,2020-08-03,09:34:48,183700.0,37200.0,6844167600.0,183900.0,0.62,183800.0,0.17,183700.0,0.3,183600.0,0.28,183500.0,1.0,183400.0,0.09,183300.0,0.47,183200.0,0.4,183100.0,0.39,183000.0,1.0,184000.0,0.46,184100.0,0.02,184200.0,0.6,184300.0,0.31,184400.0,0.17,184500.0,0.44,184600.0,0.1,184700.0,0.09,184800.0,0.55,184900.0,0.2
000066.SZ,2020-08-03,09:34:49,184000.0,18100.0,3328879600.0,183900.0,0.55,183800.0,0.5,183700.0,0.31,183600.0,0.3,183500.0,1.0,183400.0,0.09,183300.0,0.47,183200.0,0.41,183100.0,0.39,183000.0,1.0,184000.0,0.51,184100.0,0.02,184200.0,0.6,184300.0,0.3,184400.0,0.17,184500.0,0.44,184600.0,0.1,184700.0,0.09,184800.0,0.55,184900.0,0.2
000066.SZ,2020-08-03,09:34:50,183900.0,39700.0,7303450200.0,183900.0,0.38,183800.0,0.51,183700.0,0.31,183600.0,0.31,183500.0,1.0,183400.0,0.09,183300.0,0.47,183200.0,0.41,183100.0,0.39,183000.0,1.0,184000.0,0.14,184100.0,0.02,184200.0,0.54,184300.0,0.3,184400.0,0.17,184500.0,0.43,184600.0,0.1,184700.0,0.09,184800.0,0.55,184900.0,0.2
000066.SZ,2020-08-03,09:34:51,183900.0,30800.0,5670372400.0,184100.0,0.13,184000.0,0.11,183900.0,0.16,183800.0,0.52,183700.0,0.31,183600.0,0.31,183500.0,1.0,183400.0,0.09,183300.0,0.47,183200.0,0.4,184200.0,0.33,184300.0,0.3,184400.0,0.05,184500.0,0.43,184600.0,0.1,184700.0,0.09,184800.0,0.54,184900.0,0.2,185000.0,0.85,185100.0,0.34
000066.SZ,2020-08-03,09:34:52,183900.0,35900.0,6611738900.0,184200.0,0.49,184100.0,0.39,184000.0,0.11,183900.0,0.16,183800.0,0.18,183700.0,0.33,183600.0,0.31,183500.0,1.0,183400.0,0.09,183300.0,0.47,184300.0,0.3,184400.0,0.05,184500.0,0.43,184600.0,0.1,184700.0,0.09,184800.0,0.54,184900.0,0.2,185000.0,0.85,185100.0,0.34,185200.0,0.03
000066.SZ,2020-08-03,09:34:53,184300.0,18579.0,3422251800.0,184200.0,0.37,184100.0,0.46,184000.0,0.77,183900.0,0.17,183800.0,0.18,183700.0,0.33,183600.0,0.31,183500.0,1.0,183400.0,0.09,183300.0,0.47,184300.0,0.28,184400.0,0.05,184500.0,0.45,184600.0,0.1,184700.0,0.09,184800.0,0.54,184900.0,0.17,185000.0,0.85,185100.0,0.34,185200.0,0.03
000066.SZ,2020-08-03,09:34:54,184200.0,22800.0,4199760000.0,184100.0,0.46,184000.0,0.78,183900.0,0.17,183800.0,0.18,183700.0,0.33,183600.0,0.31,183500.0,1.0,183400.0,0.09,183300.0,0.47,183200.0,0.4,184300.0,0.28,184400.0,0.05,184500.0,0.45,184600.0,0.1,184700.0,0.09,184800.0,0.54,184900.0,0.17,185000.0,0.84,185100.0,0.34,185200.0,0.03
000066.SZ,2020-08-03,09:34:55,184200.0,30400.0,5597187200.0,184100.0,0.15,184000.0,0.78,183900.0,0.3,183800.0,0.18,183700.0,0.33,183600.0,0.31,183500.0,1.0,183400.0,0.09,183300.0,0.47,183200.0,0.4,184300.0,0.28,184400.0,0.05,184500.0,0.48,184600.0,0.1,184700.0,0.09,184800.0,0.54,184900.0,0.18,185000.0,0.83,185100.0,0.34,185200.0,0.03
000066.SZ,2020-08-03,09:34:56,184300.0,26400.0,4864226400.0,184000.0,0.81,183900.0,0.3,183800.0,0.21,183700.0,0.33,183600.0,0.31,183500.0,1.0,183400.0,0.09,183300.0,0.47,183200.0,0.4,183100.0,0.41,184200.0,0.03,184300.0,0.09,184400.0,0.05,184500.0,0.47,184600.0,0.1,184700.0,0.09,184800.0,0.54,184900.0,0.18,185000.0,0.83,185100.0,0.34
000066.SZ,2020-08-03,09:34:57,184300.0,31800.0,5851740600.0,184300.0,0.12,184200.0,0.18,184000.0,0.44,183900.0,0.3,183800.0,0.23,183700.0,0.33,183600.0,0.31,183500.0,1.0,183400.0,0.09,183300.0,0.47,184400.0,0.05,184500.0,0.47,184600.0,0.21,184700.0,0.09,184800.0,0.54,184900.0,0.18,185000.0,0.83,185100.0,0.34,185200.0,0.03,185300.0,0.14
000066.SZ,2020-08-03,09:34:58,184100.0,49400.0,9100715000.0,184400.0,0.05,184000.0,0.44,183900.0,0.18,183800.0,0.23,183700.0,0.32,183600.0,0.31,183500.0,1.0,183400.0,0.09,183300.0,0.47,183200.0,0.41,184500.0,0.47,184600.0,0.21,184700.0,0.09,184800.0,0.54,184900.0,0.18,185000.0,0.83,185100.0,0.34,185200.0,0.03,185300.0,0.14,185400.0,0.22
000066.SZ,2020-08-03,09:34:59,184200.0,20600.0,3794664200.0,184300.0,0.04,184000.0,0.53,183900.0,0.18,183800.0,0.23,183700.0,0.32,183600.0,0.31,183500.0,1.0,183400.0,0.09,183300.0,0.48,183200.0,0.41,184500.0,0.47,184600.0,0.21,184700.0,0.09,184800.0,0.55,184900.0,0.18,185000.0,0.83,185100.0,0.34,185200.0,0.03,185300.0,0.14,185400.0,0.22
000066.SZ,2020-08-03,09:35:00,184300.0,12700.0,2342184800.0,184100.0,0.03,184000.0,0.69,183900.0,0.18,183800.0,0.23,183700.0,0.32,183600.0,0.31,183500.0,1.0,183400.0,0.16,183300.0,0.48,183200.0,0.41,184400.0,0.03,184500.0,0.35,184600.0,0.21,184700.0,0.09,184800.0,0.55,184900.0,0.18,185000.0,0.83,185100.0,0.34,185200.0,0.03,185300.0,0.14
000066.SZ,2020-08-03,09:35:01,184100.0,7900.0,1455259000.0,184200.0,0.05,184100.0,0.01,184000.0,0.7,183900.0,0.18,183800.0,0.24,183700.0,0.32,183600.0,0.31,183500.0,1.0,183400.0,0.16,183300.0,0.48,184300.0,0.03,184400.0,0.03,184500.0,0.33,184600.0,0.21,184700.0,0.23,184800.0,0.55,184900.0,0.18,185000.0,0.83,185100.0,0.34,185200.0,0.03
000066.SZ,2020-08-03,09:35:02,184300.0,5200.0,958276800.0,184000.0,0.79,183900.0,0.18,183800.0,0.24,183700.0,0.32,183600.0,0.31,183500.0,1.0,183400.0,0.16,183300.0,0.48,183200.0,0.41,183100.0,0.4,184100.0,0.07,184300.0,0.02,184400.0,0.01,184500.0,0.33,184600.0,0.21,184700.0,0.23,184800.0,0.55,184900.0,0.18,185000.0,0.83,185100.0,0.34
000066.SZ,2020-08-03,09:35:03,184200.0,11600.0,2136627200.0,184000.0,0.83,183900.0,0.18,183800.0,0.24,183700.0,0.32,183600.0,0.31,183500.0,1.0,183400.0,0.16,183300.0,0.48,183200.0,0.41,183100.0,0.4,184100.0,0.0,184300.0,0.05,184400.0,0.05,184500.0,0.34,184600.0,0.21,184700.0,0.23,184800.0,0.55,184900.0,0.18,185000.0,0.83,185100.0,0.34
000066.SZ,2020-08-03,09:35:04,184100.0,6500.0,1197976000.0,184100.0,0.03,184000.0,0.87,183900.0,0.18,183800.0,0.24,183700.0,0.32,183600.0,0.31,183500.0,1.0,183400.0,0.16,183300.0,0.48,183200.0,0.41,184300.0,0.12,184400.0,0.04,184500.0,0.34,184600.0,0.21,184700.0,0.23,184800.0,0.55,184900.0,0.18,185000.0,0.83,185100.0,0.34,185200.0,0.03
000066.SZ,2020-08-03,09:35:05,184300.0,16800.0,3097332000.0,184300.0,0.32,184200.0,0.05,184100.0,0.29,184000.0,0.88,183900.0,0.19,183800.0,0.24,183700.0,0.33,183600.0,0.31,183500.0,1.0,183400.0,0.17,184400.0,0.04,184500.0,0.29,184600.0,0.21,184700.0,0.23,184800.0,0.55,184900.0,0.18,185000.0,0.83,185100.0,0.34,185200.0,0.03,185300.0,0.14
000066.SZ,2020-08-03,09:35:06,184400.0,10800.0,1990440000.0,184300.0,0.17,184200.0,0.05,184100.0,0.3,184000.0,0.88,183900.0,0.19,183800.0,0.24,183700.0,0.33,183600.0,0.39,183500.0,1.0,183400.0,0.17,184400.0,0.05,184500.0,0.31,184600.0,0.21,184700.0,0.23,184800.0,0.55,184900.0,0.18,185000.0,0.85,185100.0,0.34,185200.0,0.03,185300.0,0.14
000066.SZ,2020-08-03,09:35:07,184300.0,0.0,0.0,184200.0,0.05,184100.0,0.3,184000.0,0.88,183900.0,0.19,183800.0,0.24,183700.0,0.4,183600.0,0.39,183500.0,1.0,183400.0,0.17,183300.0,0.48,184300.0,0.23,184400.0,0.18,184500.0,0.31,184600.0,0.21,184700.0,0.23,184800.0,0.55,184900.0,0.18,185000.0,0.85,185100.0,0.34,185200.0,0.03
000066.SZ,2020-08-03,09:35:08,184300.0,0.0,0.0,184200.0,0.05,184100.0,0.31,184000.0,0.88,183900.0,0.19,183800.0,0.24,183700.0,0.4,183600.0,0.41,183500.0,1.0,183400.0,0.17,183300.0,0.48,184300.0,0.23,184400.0,0.18,184500.0,0.31,184600.0,0.21,184700.0,0.23,184800.0,0.55,184900.0,0.18,185000.0,0.85,185100.0,0.34,185200.0,0.03
000066.SZ,2020-08-03,09:35:09,184300.0,0.0,0.0,184200.0,0.05,184100.0,0.39,184000.0,0.89,183900.0,0.19,183800.0,0.29,183700.0,0.4,183600.0,0.41,183500.0,1.0,183400.0,0.17,183300.0,0.48,184300.0,0.29,184400.0,0.18,184500.0,0.31,184600.0,0.21,184700.0,0.23,184800.0,0.55,184900.0,0.18,185000.0,0.85,185100.0,0.34,185200.0,0.03
000066.SZ,2020-08-03,09:35:10,184300.0,0.0,0.0,184200.0,0.05,184100.0,0.39,184000.0,0.93,183900.0,0.19,183800.0,0.3,183700.0,0.4,183600.0,0.41,183500.0,1.0,183400.0,0.17,183300.0,0.48,184300.0,0.34,184400.0,0.19,184500.0,0.31,184600.0,0.21,184700.0,0.23,184800.0,0.55,184900.0,0.18,185000.0,0.85,185100.0,0.34,185200.0,0.03
000066.SZ,2020-08-03,09:35:11,184300.0,0.0,0.0,184200.0,0.05,184100.0,0.41,184000.0,0.93,183900.0,0.19,183800.0,0.3,183700.0,0.4,183600.0,0.41,183500.0,1.0,183400.0,0.17,183300.0,0.48,184300.0,0.38,184400.0,0.22,184500.0,0.31,184600.0,0.21,184700.0,0.23,184800.0,0.55,184900.0,0.18,185000.0,0.89,185100.0,0.34,185200.0,0.03
000066.SZ,2020-08-03,09:35:12,184300.0,0.0,0.0,184000.0,0.96,183900.0,0.19,183800.0,0.32,183700.0,0.4,183600.0,0.41,183500.0,1.0,183400.0,0.17,183300.0,0.48,183200.0,0.41,183100.0,1.0,184100.0,0.06,184200.0,0.12,184300.0,0.38,184400.0,0.23,184500.0,0.31,184600.0,0.21,184700.0,0.23,184800.0,0.55,184900.0,0.18,185000.0,0.89
000066.SZ,2020-08-03,09:35:13,184300.0,117700.0,21669629300.0,184000.0,0.3,183900.0,0.18,183800.0,0.13,183700.0,0.11,183600.0,0.41,183500.0,1.0,183400.0,0.17,183300.0,0.48,183200.0,0.41,183100.0,1.0,184200.0,0.12,184400.0,0.23,184500.0,0.27,184600.0,0.18,184700.0,0.23,184800.0,0.55,184900.0,0.18,185000.0,0.86,185100.0,0.34,185200.0,0.03
000066.SZ,2020-08-03,09:35:14,184300.0,2400.0,441739200.0,184000.0,0.29,183900.0,0.2,183800.0,0.13,183700.0,0.11,183600.0,0.41,183500.0,1.0,183400.0,0.17,183300.0,0.48,183200.0,0.43,183100.0,1.0,184200.0,0.12,184300.0,0.0,184400.0,0.23,184500.0,0.35,184600.0,0.18,184700.0,0.23,184800.0,0.55,184900.0,0.18,185000.0,0.86,185100.0,0.34
000066.SZ,2020-08-03,09:35:15,184100.0,9600.0,1767984000.0,184000.0,0.28,183900.0,0.2,183800.0,0.13,183700.0,0.11,183600.0,0.41,183500.0,1.0,183400.0,0.17,183300.0,0.48,183200.0,0.43,183100.0,1.0,184200.0,0.02,184300.0,0.01,184400.0,0.29,184500.0,0.35,184600.0,0.18,184700.0,0.23,184800.0,0.55,184900.0,0.18,185000.0,0.81,185100.0,0.34
000066.SZ,2020-08-03,09:35:16,184200.0,4600.0,847467200.0,184000.0,0.28,183900.0,0.2,183800.0,0.13,183700.0,0.11,183600.0,0.42,183500.0,1.0,183400.0,0.17,183300.0,0.49,183200.0,0.43,183100.0,1.0,184100.0,0.02,184200.0,0.01,184300.0,0.02,184400.0,0.3,184500.0,0.37,184600.0,0.18,184700.0,0.23,184800.0,0.55,184900.0,0.18,185000.0,0.81
000066.SZ,2020-08-03,09:35:17,184200.0,17000.0,3129377000.0,184000.0,0.15,183900.0,0.2,183800.0,0.13,183700.0,0.11,183600.0,0.49,183500.0,1.0,183400.0,0.17,183300.0,0.49,183200.0,0.43,183100.0,1.0,184100.0,0.01,184200.0,0.04,184300.0,0.04,184400.0,0.3,184500.0,0.37,184600.0,0.18,184700.0,0.23,184800.0,0.55,184900.0,0.18,185000.0,0.81
000066.SZ,2020-08-03,09:35:18,184100.0,8300.0,1527449000.0,184000.0,0.09,183900.0,0.2,183800.0,0.13,183700.0,0.11,183600.0,0.49,183500.0,1.0,183400.0,0.17,183300.0,0.49,183200.0,0.43,183100.0,1.0,184100.0,0.09,184200.0,0.04,184300.0,0.04,184400.0,0.32,184500.0,0.35,184600.0,0.18,184700.0,0.23,184800.0,0.55,184900.0,0.18,185000.0,0.81
000066.SZ,2020-08-03,09:35:19,184000.0,10900.0,2006254000.0,183900.0,0.28,183800.0,0.13,183700.0,0.11,183600.0,0.5,183500.0,1.0,183400.0,0.17,183300.0,0.49,183200.0,0.43,183100.0,1.0,183000.0,1.0,184000.0,0.07,184100.0,0.13,184200.0,0.11,184300.0,0.05,184400.0,0.31,184500.0,0.35,184600.0,0.18,184700.0,0.23,184800.0,0.55,184900.0,0.18
000066.SZ,2020-08-03,09:35:20,184000.0,17721.0,3260664000.0,183900.0,0.28,183800.0,0.13,183700.0,0.13,183600.0,0.5,183500.0,1.0,183400.0,0.17,183300.0,0.49,183200.0,0.43,183100.0,1.0,183000.0,1.0,184000.0,0.66,184100.0,0.13,184200.0,0.12,184300.0,0.05,184400.0,0.31,184500.0,0.35,184600.0,0.18,184700.0,0.23,184800.0,0.55,184900.0,0.18
000066.SZ,2020-08-03,09:35:21,184000.0,77779.0,14314524939.0,184100.0,0.23,184000.0,0.01,183900.0,0.29,183800.0,0.13,183700.0,0.13,183600.0,0.5,183500.0,1.0,183400.0,0.17,183300.0,0.49,183200.0,0.44,184200.0,0.09,184300.0,0.08,184400.0,0.32,184500.0,0.35,184600.0,0.18,184700.0,0.23,184800.0,0.55,184900.0,0.18,185000.0,0.83,185100.0,0.34
000066.SZ,2020-08-03,09:35:22,184200.0,3300.0,607638900.0,184100.0,0.22,184000.0,0.09,183900.0,0.29,183800.0,0.13,183700.0,0.13,183600.0,0.5,183500.0,1.0,183400.0,0.17,183300.0,0.49,183200.0,0.44,184200.0,0.08,184300.0,0.09,184400.0,0.32,184500.0,0.35,184600.0,0.19,184700.0,0.23,184800.0,0.55,184900.0,0.18,185000.0,0.83,185100.0,0.34
000066.SZ,2020-08-03,09:35:23,184100.0,12700.0,2338070000.0,184100.0,0.05,184000.0,0.09,183900.0,0.29,183800.0,0.13,183700.0,0.13,183600.0,0.5,183500.0,1.0,183400.0,0.17,183300.0,0.49,183200.0,0.42,184200.0,0.09,184300.0,0.09,184400.0,0.32,184500.0,0.35,184600.0,0.19,184700.0,0.23,184800.0,0.55,184900.0,0.18,185000.0,0.83,185100.0,0.34
000066.SZ,2020-08-03,09:35:24,184100.0,4621.0,850813899.0,184000.0,0.09,183900.0,0.29,183800.0,0.13,183700.0,0.13,183600.0,0.5,183500.0,1.0,183400.0,0.17,183300.0,0.49,183200.0,0.42,183100.0,0.4,184100.0,0.05,184200.0,0.08,184300.0,0.09,184400.0,0.32,184500.0,0.38,184600.0,0.19,184700.0,0.23,184800.0,0.55,184900.0,0.18,185000.0,0.83
000066.SZ,2020-08-03,09:35:25,184200.0,5400.0,994140000.0,184000.0,0.12,183900.0,0.29,183800.0,0.13,183700.0,0.13,183600.0,0.5,183500.0,1.0,183400.0,0.17,183300.0,0.49,183200.0,0.42,183100.0,0.4,184100.0,0.01,184200.0,0.09,184300.0,0.23,184400.0,0.32,184500.0,0.38,184600.0,0.19,184700.0,0.23,184800.0,0.55,184900.0,0.18,185000.0,0.83
000066.SZ,2020-08-03,09:35:26,184100.0,3800.0,699557200.0,184000.0,0.12,183900.0,0.29,183800.0,0.13,183700.0,0.13,183600.0,0.5,183500.0,1.0,183400.0,0.17,183300.0,0.49,183200.0,0.42,183100.0,0.4,184100.0,0.26,184200.0,0.1,184300.0,0.23,184400.0,0.32,184500.0,0.38,184600.0,0.19,184700.0,0.23,184800.0,0.55,184900.0,0.18,185000.0,0.83
000066.SZ,2020-08-03,09:35:27,184100.0,31300.0,5760702400.0,184000.0,0.64,183900.0,0.34,183800.0,0.13,183700.0,0.13,183600.0,0.51,183500.0,1.0,183400.0,0.17,183300.0,0.49,183200.0,0.42,183100.0,0.4,184100.0,0.1,184200.0,0.1,184300.0,0.29,184400.0,0.32,184500.0,0.38,184600.0,0.19,184700.0,0.23,184800.0,0.55,184900.0,0.18,185000.0,0.85
000066.SZ,2020-08-03,09:35:28,184000.0,13500.0,2484162000.0,184000.0,0.47,183900.0,0.33,183800.0,0.13,183700.0,0.13,183600.0,0.51,183500.0,1.0,183400.0,0.17,183300.0,0.49,183200.0,0.42,183100.0,0.4,184100.0,0.1,184200.0,0.1,184300.0,0.29,184400.0,0.39,184500.0,0.38,184600.0,0.19,184700.0,0.23,184800.0,0.5,184900.0,0.18,185000.0,0.85
000066.SZ,2020-08-03,09:35:29,184000.0,36900.0,6789600000.0,183900.0,0.37,183800.0,0.13,183700.0,0.13,183600.0,0.51,183500.0,1.0,183400.0,0.17,183300.0,0.49,183200.0,0.42,183100.0,0.4,183000.0,1.0,184000.0,0.26,184100.0,0.88,184200.0,0.09,184300.0,0.29,184400.0,0.4,184500.0,0.38,184600.0,0.19,184700.0,0.23,184800.0,0.5,184900.0,0.18
000066.SZ,2020-08-03,09:35:30,184000.0,4000.0,735828000.0,183900.0,0.35,183800.0,0.13,183700.0,0.13,183600.0,0.51,183500.0,1.0,183400.0,0.17,183300.0,0.49,183200.0,0.42,183100.0,0.4,183000.0,1.0,184000.0,0.25,184100.0,1.0,184200.0,0.09,184300.0,0.28,184400.0,0.38,184500.0,0.38,184600.0,0.19,184700.0,0.23,184800.0,0.51,184900.0,0.18
000066.SZ,2020-08-03,09:35:31,184000.0,13300.0,2446322200.0,183900.0,0.23,183800.0,0.13,183700.0,0.13,183600.0,0.51,183500.0,1.0,183400.0,0.17,183300.0,0.49,183200.0,0.42,183100.0,0.4,183000.0,1.0,184000.0,0.21,184100.0,1.0,184200.0,0.16,184300.0,0.28,184400.0,0.38,184500.0,0.39,184600.0,0.19,184700.0,0.23,184800.0,0.51,184900.0,0.18
000066.SZ,2020-08-03,09:35:32,183900.0,4000.0,736000000.0,183900.0,0.23,183800.0,0.12,183700.0,0.13,183600.0,0.51,183500.0,1.0,183400.0,0.17,183300.0,0.5,183200.0,0.42,183100.0,0.4,183000.0,1.0,184000.0,0.44,184100.0,1.0,184200.0,0.27,184300.0,0.31,184400.0,0.38,184500.0,0.39,184600.0,0.19,184700.0,0.23,184800.0,0.51,184900.0,0.18
000066.SZ,2020-08-03,09:35:33,184000.0,21000.0,3861585000.0,183800.0,0.06,183700.0,0.13,183600.0,0.51,183500.0,1.0,183400.0,0.17,183300.0,0.5,183200.0,0.42,183100.0,0.53,183000.0,1.0,182900.0,0.1,184000.0,0.67,184100.0,1.0,184200.0,0.27,184300.0,0.3,184400.0,0.38,184500.0,0.39,184600.0,0.19,184700.0,0.23,184800.0,0.51,184900.0,0.18
000066.SZ,2020-08-03,09:35:34,183800.0,0.0,0.0,183800.0,0.06,183700.0,0.13,183600.0,0.51,183500.0,1.0,183400.0,0.17,183300.0,0.5,183200.0,0.42,183100.0,0.53,183000.0,1.0,182900.0,0.1,183900.0,0.02,184000.0,0.79,184100.0,1.0,184200.0,0.27,184300.0,0.3,184400.0,0.38,184500.0,0.39,184600.0,0.19,184700.0,0.21,184800.0,0.51
000066.SZ,2020-08-03,09:35:35,183800.0,1100.0,202290000.0,183800.0,0.06,183700.0,0.13,183600.0,0.51,183500.0,1.0,183400.0,0.17,183300.0,0.5,183200.0,0.42,183100.0,0.53,183000.0,1.0,182900.0,0.1,183900.0,0.0,184000.0,0.86,184100.0,1.0,184200.0,0.27,184300.0,0.3,184400.0,0.38,184500.0,0.39,184600.0,0.19,184700.0,0.21,184800.0,0.51
000066.SZ,2020-08-03,09:35:36,183900.0,14000.0,2573424000.0,183700.0,0.06,183600.0,0.51,183500.0,1.0,183400.0,0.17,183300.0,0.5,183200.0,0.42,183100.0,0.53,183000.0,1.0,182900.0,0.1,182800.0,0.49,184000.0,0.81,184100.0,1.0,184200.0,0.27,184300.0,0.3,184400.0,0.38,184500.0,0.39,184600.0,0.19,184700.0,0.21,184800.0,0.51,184900.0,0.18
