StockCode,DataDate,UpdateTime,LastPrice,Volume,turnover,BidPrice1,BidVolume1,BidPrice2,BidVolume2,BidPrice3,BidVolume3,BidPrice4,BidVolume4,BidPrice5,BidVolume5,BidPrice6,BidVolume6,BidPrice7,BidVolume7,BidPrice8,BidVolume8,BidPrice9,BidVolume9,BidPrice10,BidVolume10,AskPrice1,AskVolume1,AskPrice2,AskVolume2,AskPrice3,AskVolume3,AskPrice4,AskVolume4,AskPrice5,AskVolume5,AskPrice6,AskVolume6,AskPrice7,AskVolume7,AskPrice8,AskVolume8,AskPrice9,AskVolume9,AskPrice10,AskVolume10
000066.SZ,2020-08-10,09:54:22,215900.0,22100.0,4771235300.0,215700.0,1.0,215600.0,1.0,215500.0,1.0,215400.0,1.0,215300.0,1.0,215200.0,1.0,215100.0,1.0,215000.0,1.0,214900.0,1.0,214800.0,1.0,215800.0,0.0,215900.0,1.0,216000.0,1.0,216100.0,1.0,216200.0,1.0,216300.0,1.0,216400.0,1.0,216500.0,1.0,216600.0,1.0,216700.0,1.0
000066.SZ,2020-08-10,09:54:23,215900.0,2800.0,603960000.0,215700.0,1.0,215600.0,1.0,215500.0,1.0,215400.0,1.0,215300.0,1.0,215200.0,1.0,215100.0,1.0,215000.0,1.0,214900.0,1.0,214800.0,1.0,215800.0,0.0,215900.0,1.0,216000.0,1.0,216100.0,1.0,216200.0,1.0,216300.0,1.0,216400.0,1.0,216500.0,1.0,216600.0,1.0,216700.0,1.0
000066.SZ,2020-08-10,09:54:24,215700.0,9100.0,1962870000.0,215700.0,1.0,215600.0,1.0,215500.0,1.0,215400.0,1.0,215300.0,1.0,215200.0,1.0,215100.0,1.0,215000.0,1.0,214900.0,1.0,214800.0,1.0,215800.0,0.0,215900.0,1.0,216000.0,1.0,216100.0,1.0,216200.0,1.0,216300.0,1.0,216400.0,1.0,216500.0,1.0,216600.0,1.0,216700.0,1.0
000066.SZ,2020-08-10,09:54:25,215700.0,25700.0,5545854400.0,215600.0,1.0,215500.0,1.0,215400.0,1.0,215300.0,1.0,215200.0,1.0,215100.0,1.0,215000.0,1.0,214900.0,1.0,214800.0,1.0,214700.0,1.0,215700.0,0.03,215900.0,1.0,216000.0,1.0,216100.0,1.0,216200.0,1.0,216300.0,1.0,216400.0,1.0,216500.0,1.0,216600.0,1.0,216700.0,1.0
000066.SZ,2020-08-10,09:54:26,215900.0,10100.0,2179893100.0,215600.0,1.0,215500.0,1.0,215400.0,1.0,215300.0,1.0,215200.0,1.0,215100.0,1.0,215000.0,1.0,214900.0,1.0,214800.0,1.0,214700.0,1.0,215700.0,0.03,215900.0,1.0,216000.0,1.0,216100.0,1.0,216200.0,1.0,216300.0,1.0,216400.0,1.0,216500.0,1.0,216600.0,1.0,216700.0,1.0
000066.SZ,2020-08-10,09:54:27,215700.0,9800.0,2115094800.0,215600.0,1.0,215500.0,1.0,215400.0,1.0,215300.0,1.0,215200.0,1.0,215100.0,1.0,215000.0,1.0,214900.0,1.0,214800.0,1.0,214700.0,1.0,215700.0,0.02,215900.0,1.0,216000.0,1.0,216100.0,1.0,216200.0,1.0,216300.0,1.0,216400.0,1.0,216500.0,1.0,216600.0,1.0,216700.0,1.0
000066.SZ,2020-08-10,09:54:28,215700.0,4100.0,884316700.0,215600.0,1.0,215500.0,1.0,215400.0,1.0,215300.0,1.0,215200.0,1.0,215100.0,1.0,215000.0,1.0,214900.0,1.0,214800.0,1.0,214700.0,1.0,215700.0,0.35,215800.0,0.0,215900.0,1.0,216000.0,1.0,216100.0,1.0,216200.0,1.0,216300.0,1.0,216400.0,1.0,216500.0,1.0,216600.0,1.0
000066.SZ,2020-08-10,09:54:29,215600.0,2800.0,603960000.0,215600.0,1.0,215500.0,1.0,215400.0,1.0,215300.0,1.0,215200.0,1.0,215100.0,1.0,215000.0,1.0,214900.0,1.0,214800.0,1.0,214700.0,1.0,215700.0,0.35,215800.0,0.0,215900.0,1.0,216000.0,1.0,216100.0,1.0,216200.0,1.0,216300.0,1.0,216400.0,1.0,216500.0,1.0,216600.0,1.0
000066.SZ,2020-08-10,09:54:30,215700.0,7500.0,1617720000.0,215600.0,1.0,215500.0,1.0,215400.0,1.0,215300.0,1.0,215200.0,1.0,215100.0,1.0,215000.0,1.0,214900.0,1.0,214800.0,1.0,214700.0,1.0,215700.0,0.28,215800.0,0.02,215900.0,1.0,216000.0,1.0,216100.0,1.0,216200.0,1.0,216300.0,1.0,216400.0,1.0,216500.0,1.0,216600.0,1.0
000066.SZ,2020-08-10,09:54:31,215700.0,100.0,21570000.0,215600.0,1.0,215500.0,1.0,215400.0,1.0,215300.0,1.0,215200.0,1.0,215100.0,1.0,215000.0,1.0,214900.0,1.0,214800.0,1.0,214700.0,1.0,215700.0,0.29,215800.0,0.02,215900.0,1.0,216000.0,1.0,216100.0,1.0,216200.0,1.0,216300.0,1.0,216400.0,1.0,216500.0,1.0,216600.0,1.0
000066.SZ,2020-08-10,09:54:32,215700.0,8200.0,1768592400.0,215600.0,1.0,215500.0,1.0,215400.0,1.0,215300.0,1.0,215200.0,1.0,215100.0,1.0,215000.0,1.0,214900.0,1.0,214800.0,1.0,214700.0,1.0,215700.0,0.32,215800.0,0.02,215900.0,1.0,216000.0,1.0,216100.0,1.0,216200.0,1.0,216300.0,1.0,216400.0,1.0,216500.0,1.0,216600.0,1.0
000066.SZ,2020-08-10,09:54:33,215600.0,43800.0,9450200400.0,215600.0,1.0,215500.0,1.0,215400.0,1.0,215300.0,1.0,215200.0,1.0,215100.0,1.0,215000.0,1.0,214900.0,1.0,214800.0,1.0,214700.0,1.0,215700.0,0.01,215900.0,1.0,216000.0,1.0,216100.0,1.0,216200.0,1.0,216300.0,1.0,216400.0,1.0,216500.0,1.0,216600.0,1.0,216700.0,1.0
000066.SZ,2020-08-10,09:54:34,215900.0,1300.0,280410000.0,215600.0,1.0,215500.0,1.0,215400.0,1.0,215300.0,1.0,215200.0,1.0,215100.0,1.0,215000.0,1.0,214900.0,1.0,214800.0,1.0,214700.0,1.0,215700.0,0.0,215900.0,1.0,216000.0,1.0,216100.0,1.0,216200.0,1.0,216300.0,1.0,216400.0,1.0,216500.0,1.0,216600.0,1.0,216700.0,1.0
000066.SZ,2020-08-10,09:54:35,215700.0,11000.0,2371941000.0,215700.0,0.01,215600.0,1.0,215500.0,1.0,215400.0,1.0,215300.0,1.0,215200.0,1.0,215100.0,1.0,215000.0,1.0,214900.0,1.0,214800.0,1.0,215900.0,1.0,216000.0,1.0,216100.0,1.0,216200.0,1.0,216300.0,1.0,216400.0,1.0,216500.0,1.0,216600.0,1.0,216700.0,1.0,216800.0,1.0
000066.SZ,2020-08-10,09:54:36,215700.0,30200.0,6511724000.0,215600.0,1.0,215500.0,1.0,215400.0,1.0,215300.0,1.0,215200.0,1.0,215100.0,1.0,215000.0,1.0,214900.0,1.0,214800.0,1.0,214700.0,1.0,215900.0,1.0,216000.0,1.0,216100.0,1.0,216200.0,1.0,216300.0,1.0,216400.0,1.0,216500.0,1.0,216600.0,1.0,216700.0,1.0,216800.0,1.0
000066.SZ,2020-08-10,09:54:37,215600.0,15500.0,3341862000.0,215600.0,1.0,215500.0,1.0,215400.0,1.0,215300.0,1.0,215200.0,1.0,215100.0,1.0,215000.0,1.0,214900.0,1.0,214800.0,1.0,214700.0,1.0,215700.0,0.19,215900.0,1.0,216000.0,1.0,216100.0,1.0,216200.0,1.0,216300.0,1.0,216400.0,1.0,216500.0,1.0,216600.0,1.0,216700.0,1.0
000066.SZ,2020-08-10,09:54:38,215600.0,39100.0,8429999100.0,215500.0,1.0,215400.0,1.0,215300.0,1.0,215200.0,1.0,215100.0,1.0,215000.0,1.0,214900.0,1.0,214800.0,1.0,214700.0,1.0,214600.0,1.0,215600.0,0.05,215700.0,0.17,215900.0,1.0,216000.0,1.0,216100.0,1.0,216200.0,1.0,216300.0,1.0,216400.0,1.0,216500.0,1.0,216600.0,1.0
000066.SZ,2020-08-10,09:54:39,215600.0,10700.0,2306577600.0,215600.0,0.09,215500.0,1.0,215400.0,1.0,215300.0,1.0,215200.0,1.0,215100.0,1.0,215000.0,1.0,214900.0,1.0,214800.0,1.0,214700.0,1.0,215700.0,0.22,215900.0,1.0,216000.0,1.0,216100.0,1.0,216200.0,1.0,216300.0,1.0,216400.0,1.0,216500.0,1.0,216600.0,1.0,216700.0,1.0
000066.SZ,2020-08-10,09:54:40,215700.0,41400.0,8932132800.0,215700.0,0.42,215600.0,0.01,215500.0,1.0,215400.0,1.0,215300.0,1.0,215200.0,1.0,215100.0,1.0,215000.0,1.0,214900.0,1.0,214800.0,1.0,215900.0,1.0,216000.0,1.0,216100.0,1.0,216200.0,1.0,216300.0,1.0,216400.0,1.0,216500.0,1.0,216600.0,1.0,216700.0,1.0,216800.0,1.0
000066.SZ,2020-08-10,09:54:41,215900.0,5700.0,1229529900.0,215700.0,0.39,215600.0,0.02,215500.0,1.0,215400.0,1.0,215300.0,1.0,215200.0,1.0,215100.0,1.0,215000.0,1.0,214900.0,1.0,214800.0,1.0,215800.0,0.01,215900.0,1.0,216000.0,1.0,216100.0,1.0,216200.0,1.0,216300.0,1.0,216400.0,1.0,216500.0,1.0,216600.0,1.0,216700.0,1.0
000066.SZ,2020-08-10,09:54:42,215700.0,1700.0,366718900.0,215700.0,0.4,215600.0,0.04,215500.0,1.0,215400.0,1.0,215300.0,1.0,215200.0,1.0,215100.0,1.0,215000.0,1.0,214900.0,1.0,214800.0,1.0,215800.0,0.01,215900.0,1.0,216000.0,1.0,216100.0,1.0,216200.0,1.0,216300.0,1.0,216400.0,1.0,216500.0,1.0,216600.0,1.0,216700.0,1.0
000066.SZ,2020-08-10,09:54:43,215800.0,23200.0,5004240000.0,215700.0,0.16,215600.0,0.06,215500.0,1.0,215400.0,1.0,215300.0,1.0,215200.0,1.0,215100.0,1.0,215000.0,1.0,214900.0,1.0,214800.0,1.0,215800.0,0.01,215900.0,1.0,216000.0,1.0,216100.0,1.0,216200.0,1.0,216300.0,1.0,216400.0,1.0,216500.0,1.0,216600.0,1.0,216700.0,1.0
000066.SZ,2020-08-10,09:54:44,215700.0,21500.0,4639807500.0,215700.0,0.07,215600.0,0.06,215500.0,1.0,215400.0,1.0,215300.0,1.0,215200.0,1.0,215100.0,1.0,215000.0,1.0,214900.0,1.0,214800.0,1.0,215900.0,1.0,216000.0,1.0,216100.0,1.0,216200.0,1.0,216300.0,1.0,216400.0,1.0,216500.0,1.0,216600.0,1.0,216700.0,1.0,216800.0,1.0
000066.SZ,2020-08-10,09:54:45,215700.0,9100.0,1962879100.0,215600.0,0.05,215500.0,1.0,215400.0,1.0,215300.0,1.0,215200.0,1.0,215100.0,1.0,215000.0,1.0,214900.0,1.0,214800.0,1.0,214700.0,1.0,215700.0,0.03,215900.0,1.0,216000.0,1.0,216100.0,1.0,216200.0,1.0,216300.0,1.0,216400.0,1.0,216500.0,1.0,216600.0,1.0,216700.0,1.0
000066.SZ,2020-08-10,09:54:46,215800.0,5200.0,1121177200.0,215500.0,1.0,215400.0,1.0,215300.0,1.0,215200.0,1.0,215100.0,1.0,215000.0,1.0,214900.0,1.0,214800.0,1.0,214700.0,1.0,214600.0,1.0,215600.0,0.22,215700.0,0.02,215900.0,1.0,216000.0,1.0,216100.0,1.0,216200.0,1.0,216300.0,1.0,216400.0,1.0,216500.0,1.0,216600.0,1.0
000066.SZ,2020-08-10,09:54:47,215600.0,1700.0,366520000.0,215500.0,1.0,215400.0,1.0,215300.0,1.0,215200.0,1.0,215100.0,1.0,215000.0,1.0,214900.0,1.0,214800.0,1.0,214700.0,1.0,214600.0,1.0,215600.0,0.21,215700.0,0.05,215900.0,1.0,216000.0,1.0,216100.0,1.0,216200.0,1.0,216300.0,1.0,216400.0,1.0,216500.0,1.0,216600.0,1.0
000066.SZ,2020-08-10,09:54:48,215600.0,35200.0,7591513600.0,215500.0,1.0,215400.0,1.0,215300.0,1.0,215200.0,1.0,215100.0,1.0,215000.0,1.0,214900.0,1.0,214800.0,1.0,214700.0,1.0,214600.0,1.0,216000.0,1.0,216100.0,1.0,216200.0,1.0,216300.0,1.0,216400.0,1.0,216500.0,1.0,216600.0,1.0,216700.0,1.0,216800.0,1.0,216900.0,1.0
000066.SZ,2020-08-10,09:54:49,216000.0,2700.0,582279300.0,215700.0,0.03,215600.0,0.06,215500.0,1.0,215400.0,1.0,215300.0,1.0,215200.0,1.0,215100.0,1.0,215000.0,1.0,214900.0,1.0,214800.0,1.0,215900.0,0.02,216000.0,1.0,216100.0,1.0,216200.0,1.0,216300.0,1.0,216400.0,1.0,216500.0,1.0,216600.0,1.0,216700.0,1.0,216800.0,1.0
000066.SZ,2020-08-10,09:54:50,215700.0,5700.0,1229889000.0,215700.0,0.02,215600.0,0.62,215500.0,1.0,215400.0,1.0,215300.0,1.0,215200.0,1.0,215100.0,1.0,215000.0,1.0,214900.0,1.0,214800.0,1.0,215800.0,0.0,215900.0,0.02,216000.0,1.0,216100.0,1.0,216200.0,1.0,216300.0,1.0,216400.0,1.0,216500.0,1.0,216600.0,1.0,216700.0,1.0
000066.SZ,2020-08-10,09:54:51,215700.0,1400.0,301999600.0,215700.0,0.01,215600.0,0.62,215500.0,1.0,215400.0,1.0,215300.0,1.0,215200.0,1.0,215100.0,1.0,215000.0,1.0,214900.0,1.0,214800.0,1.0,215800.0,0.0,215900.0,0.02,216000.0,1.0,216100.0,1.0,216200.0,1.0,216300.0,1.0,216400.0,1.0,216500.0,1.0,216600.0,1.0,216700.0,1.0
000066.SZ,2020-08-10,09:54:52,215700.0,14000.0,3023216000.0,215700.0,0.01,215600.0,0.74,215500.0,1.0,215400.0,1.0,215300.0,1.0,215200.0,1.0,215100.0,1.0,215000.0,1.0,214900.0,1.0,214800.0,1.0,215900.0,0.0,216000.0,1.0,216100.0,1.0,216200.0,1.0,216300.0,1.0,216400.0,1.0,216500.0,1.0,216600.0,1.0,216700.0,1.0,216800.0,1.0
000066.SZ,2020-08-10,09:54:53,215700.0,3400.0,733189600.0,215600.0,0.73,215500.0,1.0,215400.0,1.0,215300.0,1.0,215200.0,1.0,215100.0,1.0,215000.0,1.0,214900.0,1.0,214800.0,1.0,214700.0,1.0,215900.0,0.06,216000.0,1.0,216100.0,1.0,216200.0,1.0,216300.0,1.0,216400.0,1.0,216500.0,1.0,216600.0,1.0,216700.0,1.0,216800.0,1.0
000066.SZ,2020-08-10,09:54:54,215600.0,3700.0,797956800.0,215600.0,0.73,215500.0,1.0,215400.0,1.0,215300.0,1.0,215200.0,1.0,215100.0,1.0,215000.0,1.0,214900.0,1.0,214800.0,1.0,214700.0,1.0,215700.0,0.0,215900.0,0.07,216000.0,1.0,216100.0,1.0,216200.0,1.0,216300.0,1.0,216400.0,1.0,216500.0,1.0,216600.0,1.0,216700.0,1.0
000066.SZ,2020-08-10,09:54:55,215800.0,25200.0,5437076400.0,215600.0,0.85,215500.0,1.0,215400.0,1.0,215300.0,1.0,215200.0,1.0,215100.0,1.0,215000.0,1.0,214900.0,1.0,214800.0,1.0,214700.0,1.0,215900.0,0.0,216000.0,1.0,216100.0,1.0,216200.0,1.0,216300.0,1.0,216400.0,1.0,216500.0,1.0,216600.0,1.0,216700.0,1.0,216800.0,1.0
000066.SZ,2020-08-10,09:54:56,215900.0,5600.0,1208116000.0,215600.0,0.88,215500.0,1.0,215400.0,1.0,215300.0,1.0,215200.0,1.0,215100.0,1.0,215000.0,1.0,214900.0,1.0,214800.0,1.0,214700.0,1.0,215700.0,0.06,216000.0,1.0,216100.0,1.0,216200.0,1.0,216300.0,1.0,216400.0,1.0,216500.0,1.0,216600.0,1.0,216700.0,1.0,216800.0,1.0
000066.SZ,2020-08-10,09:54:57,215600.0,3600.0,776469600.0,215600.0,0.88,215500.0,1.0,215400.0,1.0,215300.0,1.0,215200.0,1.0,215100.0,1.0,215000.0,1.0,214900.0,1.0,214800.0,1.0,214700.0,1.0,215700.0,0.03,216000.0,1.0,216100.0,1.0,216200.0,1.0,216300.0,1.0,216400.0,1.0,216500.0,1.0,216600.0,1.0,216700.0,1.0,216800.0,1.0
000066.SZ,2020-08-10,09:54:58,215600.0,5900.0,1273225900.0,215900.0,0.1,215700.0,0.0,215600.0,0.92,215500.0,1.0,215400.0,1.0,215300.0,1.0,215200.0,1.0,215100.0,1.0,215000.0,1.0,214900.0,1.0,216000.0,1.0,216100.0,1.0,216200.0,1.0,216300.0,1.0,216400.0,1.0,216500.0,1.0,216600.0,1.0,216700.0,1.0,216800.0,1.0,216900.0,1.0
000066.SZ,2020-08-10,09:54:59,216000.0,73500.0,15852774000.0,215700.0,0.01,215600.0,0.36,215500.0,1.0,215400.0,1.0,215300.0,1.0,215200.0,1.0,215100.0,1.0,215000.0,1.0,214900.0,1.0,214800.0,1.0,216000.0,1.0,216100.0,1.0,216200.0,1.0,216300.0,1.0,216400.0,1.0,216500.0,1.0,216600.0,1.0,216700.0,1.0,216800.0,1.0,216900.0,1.0
000066.SZ,2020-08-10,09:55:00,215700.0,13800.0,2980551600.0,215900.0,0.12,215700.0,0.34,215600.0,0.38,215500.0,1.0,215400.0,1.0,215300.0,1.0,215200.0,1.0,215100.0,1.0,215000.0,1.0,214900.0,1.0,216000.0,1.0,216100.0,1.0,216200.0,1.0,216300.0,1.0,216400.0,1.0,216500.0,1.0,216600.0,1.0,216700.0,1.0,216800.0,1.0,216900.0,1.0
000066.SZ,2020-08-10,09:55:01,215900.0,202900.0,43740573300.0,215700.0,0.1,215500.0,1.0,215400.0,1.0,215300.0,1.0,215200.0,1.0,215100.0,1.0,215000.0,1.0,214900.0,1.0,214800.0,1.0,214700.0,1.0,216000.0,1.0,216100.0,1.0,216200.0,1.0,216300.0,1.0,216400.0,1.0,216500.0,1.0,216600.0,1.0,216700.0,1.0,216800.0,1.0,216900.0,1.0
000066.SZ,2020-08-10,09:55:02,215500.0,10300.0,2221802700.0,215900.0,0.01,215700.0,0.01,215600.0,0.02,215500.0,1.0,215400.0,1.0,215300.0,1.0,215200.0,1.0,215100.0,1.0,215000.0,1.0,214900.0,1.0,216000.0,1.0,216100.0,1.0,216200.0,1.0,216300.0,1.0,216400.0,1.0,216500.0,1.0,216600.0,1.0,216700.0,1.0,216800.0,1.0,216900.0,1.0
000066.SZ,2020-08-10,09:55:03,215900.0,8900.0,1922382200.0,215900.0,0.01,215700.0,0.01,215600.0,0.03,215500.0,1.0,215400.0,1.0,215300.0,1.0,215200.0,1.0,215100.0,1.0,215000.0,1.0,214900.0,1.0,216000.0,1.0,216100.0,1.0,216200.0,1.0,216300.0,1.0,216400.0,1.0,216500.0,1.0,216600.0,1.0,216700.0,1.0,216800.0,1.0,216900.0,1.0
000066.SZ,2020-08-10,09:55:04,215900.0,1600.0,345428800.0,215700.0,0.06,215600.0,0.05,215500.0,1.0,215400.0,1.0,215300.0,1.0,215200.0,1.0,215100.0,1.0,215000.0,1.0,214900.0,1.0,214800.0,1.0,216000.0,1.0,216100.0,1.0,216200.0,1.0,216300.0,1.0,216400.0,1.0,216500.0,1.0,216600.0,1.0,216700.0,1.0,216800.0,1.0,216900.0,1.0
000066.SZ,2020-08-10,09:55:05,215700.0,900.0,194249700.0,215900.0,0.1,215700.0,0.05,215600.0,0.05,215500.0,1.0,215400.0,1.0,215300.0,1.0,215200.0,1.0,215100.0,1.0,215000.0,1.0,214900.0,1.0,216000.0,1.0,216100.0,1.0,216200.0,1.0,216300.0,1.0,216400.0,1.0,216500.0,1.0,216600.0,1.0,216700.0,1.0,216800.0,1.0,216900.0,1.0
000066.SZ,2020-08-10,09:55:06,215900.0,700.0,151200000.0,215900.0,0.29,215700.0,0.05,215600.0,0.05,215500.0,1.0,215400.0,1.0,215300.0,1.0,215200.0,1.0,215100.0,1.0,215000.0,1.0,214900.0,1.0,216000.0,1.0,216100.0,1.0,216200.0,1.0,216300.0,1.0,216400.0,1.0,216500.0,1.0,216600.0,1.0,216700.0,1.0,216800.0,1.0,216900.0,1.0
000066.SZ,2020-08-10,09:55:07,216000.0,1800.0,388688400.0,215900.0,0.28,215700.0,0.06,215600.0,0.07,215500.0,1.0,215400.0,1.0,215300.0,1.0,215200.0,1.0,215100.0,1.0,215000.0,1.0,214900.0,1.0,216000.0,1.0,216100.0,1.0,216200.0,1.0,216300.0,1.0,216400.0,1.0,216500.0,1.0,216600.0,1.0,216700.0,1.0,216800.0,1.0,216900.0,1.0
000066.SZ,2020-08-10,09:55:08,215900.0,14700.0,3174744300.0,215900.0,0.23,215700.0,0.06,215600.0,0.08,215500.0,1.0,215400.0,1.0,215300.0,1.0,215200.0,1.0,215100.0,1.0,215000.0,1.0,214900.0,1.0,216000.0,1.0,216100.0,1.0,216200.0,1.0,216300.0,1.0,216400.0,1.0,216500.0,1.0,216600.0,1.0,216700.0,1.0,216800.0,1.0,216900.0,1.0
000066.SZ,2020-08-10,09:55:09,215900.0,24800.0,5356080800.0,215900.0,0.15,215700.0,0.06,215600.0,0.09,215500.0,1.0,215400.0,1.0,215300.0,1.0,215200.0,1.0,215100.0,1.0,215000.0,1.0,214900.0,1.0,216000.0,1.0,216100.0,1.0,216200.0,1.0,216300.0,1.0,216400.0,1.0,216500.0,1.0,216600.0,1.0,216700.0,1.0,216800.0,1.0,216900.0,1.0
000066.SZ,2020-08-10,09:55:10,216000.0,72415.0,15644174525.0,216100.0,0.09,216000.0,0.0,215900.0,0.19,215700.0,0.06,215600.0,0.09,215500.0,1.0,215400.0,1.0,215300.0,1.0,215200.0,1.0,215100.0,1.0,216200.0,1.0,216300.0,1.0,216400.0,1.0,216500.0,1.0,216600.0,1.0,216700.0,1.0,216800.0,1.0,216900.0,1.0,217000.0,1.0,217100.0,1.0
000066.SZ,2020-08-10,09:55:11,216200.0,19500.0,4213813500.0,216000.0,0.53,215900.0,0.25,215800.0,0.01,215700.0,0.08,215600.0,0.09,215500.0,1.0,215400.0,1.0,215300.0,1.0,215200.0,1.0,215100.0,1.0,216200.0,1.0,216300.0,1.0,216400.0,1.0,216500.0,1.0,216600.0,1.0,216700.0,1.0,216800.0,1.0,216900.0,1.0,217000.0,1.0,217100.0,1.0
000066.SZ,2020-08-10,09:55:12,216000.0,19300.0,4168838600.0,216000.0,0.34,215900.0,0.25,215800.0,0.01,215700.0,0.08,215600.0,0.09,215500.0,1.0,215400.0,1.0,215300.0,1.0,215200.0,1.0,215100.0,1.0,216200.0,1.0,216300.0,1.0,216400.0,1.0,216500.0,1.0,216600.0,1.0,216700.0,1.0,216800.0,1.0,216900.0,1.0,217000.0,1.0,217100.0,1.0
000066.SZ,2020-08-10,09:55:13,216000.0,36600.0,7908235200.0,216000.0,0.17,215900.0,0.35,215800.0,0.02,215700.0,0.09,215600.0,0.1,215500.0,1.0,215400.0,1.0,215300.0,1.0,215200.0,1.0,215100.0,1.0,216300.0,1.0,216400.0,1.0,216500.0,1.0,216600.0,1.0,216700.0,1.0,216800.0,1.0,216900.0,1.0,217000.0,1.0,217100.0,1.0,217200.0,1.0
000066.SZ,2020-08-10,09:55:14,216000.0,13700.0,2962556500.0,216200.0,0.0,216000.0,0.2,215900.0,0.35,215800.0,0.02,215700.0,0.09,215600.0,0.1,215500.0,1.0,215400.0,1.0,215300.0,1.0,215200.0,1.0,216400.0,1.0,216500.0,1.0,216600.0,1.0,216700.0,1.0,216800.0,1.0,216900.0,1.0,217000.0,1.0,217100.0,1.0,217200.0,1.0,217300.0,1.0
000066.SZ,2020-08-10,09:55:15,216200.0,21100.0,4560617300.0,216100.0,0.01,216000.0,0.2,215900.0,0.28,215800.0,0.02,215700.0,0.09,215600.0,0.16,215500.0,1.0,215400.0,1.0,215300.0,1.0,215200.0,1.0,216500.0,1.0,216600.0,1.0,216700.0,1.0,216800.0,1.0,216900.0,1.0,217000.0,1.0,217100.0,1.0,217200.0,1.0,217300.0,1.0,217400.0,1.0
000066.SZ,2020-08-10,09:55:16,216500.0,14600.0,3159440000.0,216000.0,0.2,215900.0,0.28,215800.0,0.02,215700.0,0.09,215600.0,0.16,215500.0,1.0,215400.0,1.0,215300.0,1.0,215200.0,1.0,215100.0,1.0,216500.0,1.0,216600.0,1.0,216700.0,1.0,216800.0,1.0,216900.0,1.0,217000.0,1.0,217100.0,1.0,217200.0,1.0,217300.0,1.0,217400.0,1.0
000066.SZ,2020-08-10,09:55:17,216000.0,24000.0,5194608000.0,216200.0,0.22,216000.0,0.19,215900.0,0.29,215800.0,0.03,215700.0,0.09,215600.0,0.16,215500.0,1.0,215400.0,1.0,215300.0,1.0,215200.0,1.0,216500.0,1.0,216600.0,1.0,216700.0,1.0,216800.0,1.0,216900.0,1.0,217000.0,1.0,217100.0,1.0,217200.0,1.0,217300.0,1.0,217400.0,1.0
000066.SZ,2020-08-10,09:55:18,216500.0,14300.0,3095849900.0,216200.0,0.34,216000.0,0.19,215900.0,0.26,215800.0,0.03,215700.0,0.09,215600.0,0.16,215500.0,1.0,215400.0,1.0,215300.0,1.0,215200.0,1.0,216500.0,1.0,216600.0,1.0,216700.0,1.0,216800.0,1.0,216900.0,1.0,217000.0,1.0,217100.0,1.0,217200.0,1.0,217300.0,1.0,217400.0,1.0
000066.SZ,2020-08-10,09:55:19,216200.0,12500.0,2702500000.0,216200.0,0.31,216100.0,0.01,216000.0,0.26,215900.0,0.25,215800.0,0.03,215700.0,0.11,215600.0,0.16,215500.0,1.0,215400.0,1.0,215300.0,1.0,216500.0,1.0,216600.0,1.0,216700.0,1.0,216800.0,1.0,216900.0,1.0,217000.0,1.0,217100.0,1.0,217200.0,1.0,217300.0,1.0,217400.0,1.0
000066.SZ,2020-08-10,09:55:20,216200.0,3500.0,757599500.0,216300.0,0.04,216200.0,0.31,216100.0,0.57,216000.0,0.26,215900.0,0.25,215800.0,0.03,215700.0,0.11,215600.0,0.16,215500.0,1.0,215400.0,1.0,216500.0,1.0,216600.0,1.0,216700.0,1.0,216800.0,1.0,216900.0,1.0,217000.0,1.0,217100.0,1.0,217200.0,1.0,217300.0,1.0,217400.0,1.0
000066.SZ,2020-08-10,09:55:21,216500.0,11500.0,2489370500.0,216300.0,0.03,216200.0,0.32,216100.0,0.58,216000.0,0.26,215900.0,0.24,215800.0,0.03,215700.0,0.11,215600.0,0.17,215500.0,1.0,215400.0,1.0,216500.0,1.0,216600.0,1.0,216700.0,1.0,216800.0,1.0,216900.0,1.0,217000.0,1.0,217100.0,1.0,217200.0,1.0,217300.0,1.0,217400.0,1.0
000066.SZ,2020-08-10,09:55:22,216300.0,11000.0,2380037000.0,216200.0,0.31,216100.0,0.6,216000.0,0.27,215900.0,0.24,215800.0,0.03,215700.0,0.11,215600.0,0.17,215500.0,1.0,215400.0,1.0,215300.0,1.0,216500.0,1.0,216600.0,1.0,216700.0,1.0,216800.0,1.0,216900.0,1.0,217000.0,1.0,217100.0,1.0,217200.0,1.0,217300.0,1.0,217400.0,1.0
000066.SZ,2020-08-10,09:55:23,216500.0,7600.0,1645400000.0,216300.0,0.02,216200.0,0.31,216100.0,0.6,216000.0,0.27,215900.0,0.24,215800.0,0.03,215700.0,0.1,215600.0,0.17,215500.0,1.0,215400.0,1.0,216500.0,1.0,216600.0,1.0,216700.0,1.0,216800.0,1.0,216900.0,1.0,217000.0,1.0,217100.0,1.0,217200.0,1.0,217300.0,1.0,217400.0,1.0
000066.SZ,2020-08-10,09:55:24,216500.0,7059.0,1528280559.0,216500.0,0.11,216300.0,0.02,216200.0,0.36,216100.0,0.6,216000.0,0.27,215900.0,0.24,215800.0,0.03,215700.0,0.1,215600.0,0.16,215500.0,1.0,216600.0,1.0,216700.0,1.0,216800.0,1.0,216900.0,1.0,217000.0,1.0,217100.0,1.0,217200.0,1.0,217300.0,1.0,217400.0,1.0,217500.0,1.0
000066.SZ,2020-08-10,09:55:25,216600.0,49800.0,10781550600.0,216500.0,0.03,216300.0,0.0,216200.0,0.28,216100.0,0.6,216000.0,0.27,215900.0,0.24,215800.0,0.03,215700.0,0.11,215600.0,0.16,215500.0,1.0,216700.0,1.0,216800.0,1.0,216900.0,1.0,217000.0,1.0,217100.0,1.0,217200.0,1.0,217300.0,1.0,217400.0,1.0,217500.0,1.0,217600.0,1.0
000066.SZ,2020-08-10,09:55:26,216700.0,1100.0,238150000.0,216600.0,0.01,216500.0,0.02,216400.0,0.56,216300.0,0.01,216200.0,0.26,216100.0,0.61,216000.0,0.28,215900.0,0.25,215800.0,0.03,215700.0,0.11,216700.0,1.0,216800.0,1.0,216900.0,1.0,217000.0,1.0,217100.0,1.0,217200.0,1.0,217300.0,1.0,217400.0,1.0,217500.0,1.0,217600.0,1.0
000066.SZ,2020-08-10,09:55:27,216500.0,4100.0,887908300.0,216500.0,0.03,216400.0,0.57,216300.0,0.02,216200.0,0.26,216100.0,0.61,216000.0,0.28,215900.0,0.24,215800.0,0.03,215700.0,0.11,215600.0,0.16,216700.0,1.0,216800.0,1.0,216900.0,1.0,217000.0,1.0,217100.0,1.0,217200.0,1.0,217300.0,1.0,217400.0,1.0,217500.0,1.0,217600.0,1.0
000066.SZ,2020-08-10,09:55:28,216600.0,21500.0,4658921000.0,216600.0,0.05,216500.0,0.13,216400.0,0.57,216300.0,0.08,216200.0,0.26,216100.0,0.6,216000.0,0.28,215900.0,0.24,215800.0,0.03,215700.0,0.17,216700.0,1.0,216800.0,1.0,216900.0,1.0,217000.0,1.0,217100.0,1.0,217200.0,1.0,217300.0,1.0,217400.0,1.0,217500.0,1.0,217600.0,1.0
000066.SZ,2020-08-10,09:55:29,216600.0,7700.0,1667935500.0,216500.0,0.2,216400.0,0.57,216300.0,0.08,216200.0,0.26,216100.0,0.57,216000.0,0.25,215900.0,0.24,215800.0,0.03,215700.0,0.17,215600.0,0.16,216600.0,0.23,216700.0,1.0,216800.0,1.0,216900.0,1.0,217000.0,1.0,217100.0,1.0,217200.0,1.0,217300.0,1.0,217400.0,1.0,217500.0,1.0
000066.SZ,2020-08-10,09:55:30,216600.0,23000.0,4981340000.0,216500.0,0.22,216400.0,0.57,216300.0,0.08,216200.0,0.26,216100.0,0.57,216000.0,0.31,215900.0,0.24,215800.0,0.03,215700.0,0.17,215600.0,0.16,216600.0,0.04,216700.0,1.0,216800.0,1.0,216900.0,1.0,217000.0,1.0,217100.0,1.0,217200.0,1.0,217300.0,1.0,217400.0,1.0,217500.0,1.0
000066.SZ,2020-08-10,09:55:31,216600.0,29300.0,6348372400.0,216600.0,0.01,216500.0,0.32,216400.0,0.57,216300.0,0.16,216200.0,0.26,216100.0,0.57,216000.0,0.31,215900.0,0.24,215800.0,0.03,215700.0,0.17,216700.0,1.0,216800.0,1.0,216900.0,1.0,217000.0,1.0,217100.0,1.0,217200.0,1.0,217300.0,1.0,217400.0,1.0,217500.0,1.0,217600.0,1.0
000066.SZ,2020-08-10,09:55:32,216700.0,300.0,64989900.0,216600.0,0.03,216500.0,0.4,216400.0,0.57,216300.0,0.16,216200.0,0.26,216100.0,0.57,216000.0,0.31,215900.0,0.24,215800.0,0.03,215700.0,0.17,216700.0,1.0,216800.0,1.0,216900.0,1.0,217000.0,1.0,217100.0,1.0,217200.0,1.0,217300.0,1.0,217400.0,1.0,217500.0,1.0,217600.0,1.0
000066.SZ,2020-08-10,09:55:33,216700.0,13000.0,2816593000.0,216600.0,0.78,216500.0,0.44,216400.0,0.01,216300.0,0.16,216200.0,0.26,216100.0,0.57,216000.0,0.31,215900.0,0.24,215800.0,0.03,215700.0,0.17,216700.0,1.0,216800.0,1.0,216900.0,1.0,217000.0,1.0,217100.0,1.0,217200.0,1.0,217300.0,1.0,217400.0,1.0,217500.0,1.0,217600.0,1.0
000066.SZ,2020-08-10,09:55:34,216600.0,13100.0,2838560400.0,216600.0,0.86,216500.0,0.44,216400.0,0.01,216300.0,0.16,216200.0,0.26,216100.0,0.01,216000.0,0.31,215900.0,0.24,215800.0,0.02,215700.0,0.16,216700.0,1.0,216800.0,1.0,216900.0,1.0,217000.0,1.0,217100.0,1.0,217200.0,1.0,217300.0,1.0,217400.0,1.0,217500.0,1.0,217600.0,1.0
000066.SZ,2020-08-10,09:55:35,216700.0,22900.0,4962155200.0,216600.0,1.0,216500.0,0.44,216400.0,0.01,216300.0,0.17,216200.0,0.26,216100.0,0.01,216000.0,0.33,215900.0,0.24,215800.0,0.03,215700.0,0.16,216700.0,1.0,216800.0,1.0,216900.0,1.0,217000.0,1.0,217100.0,1.0,217200.0,1.0,217300.0,1.0,217400.0,1.0,217500.0,1.0,217600.0,1.0
000066.SZ,2020-08-10,09:55:36,216700.0,20200.0,4377057200.0,216600.0,1.0,216500.0,0.45,216400.0,0.01,216300.0,0.17,216200.0,0.26,216100.0,0.01,216000.0,0.26,215900.0,0.24,215800.0,0.03,215700.0,0.16,216700.0,1.0,216800.0,1.0,216900.0,1.0,217000.0,1.0,217100.0,1.0,217200.0,1.0,217300.0,1.0,217400.0,1.0,217500.0,1.0,217600.0,1.0
000066.SZ,2020-08-10,09:55:37,216700.0,5000.0,1083450000.0,216600.0,1.0,216500.0,0.45,216400.0,0.0,216300.0,0.24,216200.0,0.26,216100.0,0.01,216000.0,0.25,215900.0,0.24,215800.0,0.03,215700.0,0.16,216700.0,1.0,216800.0,1.0,216900.0,1.0,217000.0,1.0,217100.0,1.0,217200.0,1.0,217300.0,1.0,217400.0,1.0,217500.0,1.0,217600.0,1.0
000066.SZ,2020-08-10,09:55:38,216700.0,150800.0,32669915200.0,216600.0,0.9,216500.0,0.44,216400.0,0.0,216300.0,0.24,216200.0,0.28,216100.0,0.01,216000.0,0.25,215900.0,0.24,215800.0,0.03,215700.0,0.16,216800.0,1.0,216900.0,1.0,217000.0,1.0,217100.0,1.0,217200.0,1.0,217300.0,1.0,217400.0,1.0,217500.0,1.0,217600.0,1.0,217700.0,1.0
000066.SZ,2020-08-10,09:55:39,216600.0,2600.0,563518800.0,216700.0,0.09,216600.0,0.94,216500.0,0.46,216400.0,0.0,216300.0,0.24,216200.0,0.28,216100.0,0.01,216000.0,0.26,215900.0,0.15,215800.0,0.03,216800.0,1.0,216900.0,1.0,217000.0,1.0,217100.0,1.0,217200.0,1.0,217300.0,1.0,217400.0,1.0,217500.0,1.0,217600.0,1.0,217700.0,1.0
000066.SZ,2020-08-10,09:55:40,216700.0,10100.0,2189074000.0,216700.0,0.29,216600.0,0.94,216500.0,0.46,216400.0,0.0,216300.0,0.24,216200.0,0.28,216100.0,0.01,216000.0,0.26,215900.0,0.15,215800.0,0.03,216800.0,1.0,216900.0,1.0,217000.0,1.0,217100.0,1.0,217200.0,1.0,217300.0,1.0,217400.0,1.0,217500.0,1.0,217600.0,1.0,217700.0,1.0
000066.SZ,2020-08-10,09:55:41,216700.0,1800.0,390159000.0,216700.0,0.61,216600.0,0.97,216500.0,0.46,216400.0,0.0,216300.0,0.24,216200.0,0.28,216100.0,0.01,216000.0,0.26,215900.0,0.15,215800.0,0.03,216800.0,1.0,216900.0,1.0,217000.0,1.0,217100.0,1.0,217200.0,1.0,217300.0,1.0,217400.0,1.0,217500.0,1.0,217600.0,1.0,217700.0,1.0
000066.SZ,2020-08-10,09:55:42,216700.0,21400.0,4639263200.0,216700.0,0.69,216600.0,0.99,216500.0,0.41,216400.0,0.0,216300.0,0.24,216200.0,0.28,216100.0,0.01,216000.0,0.27,215900.0,0.15,215800.0,0.03,216800.0,1.0,216900.0,1.0,217000.0,1.0,217100.0,1.0,217200.0,1.0,217300.0,1.0,217400.0,1.0,217500.0,1.0,217600.0,1.0,217700.0,1.0
000066.SZ,2020-08-10,09:55:43,216800.0,23000.0,4985963000.0,216700.0,0.71,216600.0,1.0,216500.0,0.41,216400.0,0.0,216300.0,0.24,216200.0,0.28,216100.0,0.01,216000.0,0.27,215900.0,0.15,215800.0,0.03,216800.0,1.0,216900.0,1.0,217000.0,1.0,217100.0,1.0,217200.0,1.0,217300.0,1.0,217400.0,1.0,217500.0,1.0,217600.0,1.0,217700.0,1.0
000066.SZ,2020-08-10,09:55:44,216800.0,1500.0,325159500.0,216700.0,0.77,216600.0,1.0,216500.0,0.4,216400.0,0.03,216300.0,0.24,216200.0,0.27,216100.0,0.01,216000.0,0.27,215900.0,0.15,215800.0,0.03,216800.0,1.0,216900.0,1.0,217000.0,1.0,217100.0,1.0,217200.0,1.0,217300.0,1.0,217400.0,1.0,217500.0,1.0,217600.0,1.0,217700.0,1.0
000066.SZ,2020-08-10,09:55:45,216800.0,8200.0,1777760000.0,216700.0,0.78,216600.0,1.0,216500.0,0.4,216400.0,0.03,216300.0,0.24,216200.0,0.27,216100.0,0.02,216000.0,0.27,215900.0,0.15,215800.0,0.03,216800.0,1.0,216900.0,1.0,217000.0,1.0,217100.0,1.0,217200.0,1.0,217300.0,1.0,217400.0,1.0,217500.0,1.0,217600.0,1.0,217700.0,1.0
000066.SZ,2020-08-10,09:55:46,216800.0,5600.0,1214248000.0,216800.0,0.07,216700.0,0.83,216600.0,1.0,216500.0,0.41,216400.0,0.03,216300.0,0.24,216200.0,0.27,216100.0,0.02,216000.0,0.27,215900.0,0.15,216900.0,1.0,217000.0,1.0,217100.0,1.0,217200.0,1.0,217300.0,1.0,217400.0,1.0,217500.0,1.0,217600.0,1.0,217700.0,1.0,217800.0,1.0
000066.SZ,2020-08-10,09:55:47,216800.0,43400.0,9417669800.0,217000.0,0.28,216800.0,0.16,216700.0,1.0,216600.0,1.0,216500.0,0.37,216400.0,0.03,216300.0,0.24,216200.0,0.27,216100.0,0.02,216000.0,0.27,217100.0,1.0,217200.0,1.0,217300.0,1.0,217400.0,1.0,217500.0,1.0,217600.0,1.0,217700.0,1.0,217800.0,1.0,217900.0,1.0,218000.0,1.0
000066.SZ,2020-08-10,09:55:48,217000.0,21200.0,4600400000.0,217000.0,0.04,216800.0,0.68,216700.0,1.0,216600.0,1.0,216500.0,0.37,216400.0,0.03,216300.0,0.24,216200.0,0.27,216100.0,0.02,216000.0,0.27,217100.0,1.0,217200.0,1.0,217300.0,1.0,217400.0,1.0,217500.0,1.0,217600.0,1.0,217700.0,1.0,217800.0,1.0,217900.0,1.0,218000.0,1.0
000066.SZ,2020-08-10,09:55:49,217000.0,5900.0,1279857500.0,216800.0,0.76,216700.0,1.0,216600.0,1.0,216500.0,0.34,216400.0,0.03,216300.0,0.24,216200.0,0.27,216100.0,0.02,216000.0,0.27,215900.0,0.22,217100.0,1.0,217200.0,1.0,217300.0,1.0,217400.0,1.0,217500.0,1.0,217600.0,1.0,217700.0,1.0,217800.0,1.0,217900.0,1.0,218000.0,1.0
000066.SZ,2020-08-10,09:55:50,216800.0,100.0,21680000.0,216800.0,0.95,216700.0,1.0,216600.0,1.0,216500.0,0.32,216400.0,0.03,216300.0,0.24,216200.0,0.27,216100.0,0.02,216000.0,0.27,215900.0,0.22,217100.0,1.0,217200.0,1.0,217300.0,1.0,217400.0,1.0,217500.0,1.0,217600.0,1.0,217700.0,1.0,217800.0,1.0,217900.0,1.0,218000.0,1.0
000066.SZ,2020-08-10,09:55:51,216800.0,100.0,21680000.0,216800.0,1.0,216700.0,1.0,216600.0,0.99,216500.0,0.32,216400.0,0.03,216300.0,0.23,216200.0,0.23,216100.0,0.02,216000.0,0.28,215900.0,0.22,217000.0,1.0,217100.0,1.0,217200.0,1.0,217300.0,1.0,217400.0,1.0,217500.0,1.0,217600.0,1.0,217700.0,1.0,217800.0,1.0,217900.0,1.0
000066.SZ,2020-08-10,09:55:52,216800.0,5600.0,1215099200.0,216800.0,1.0,216700.0,1.0,216600.0,1.0,216500.0,0.32,216400.0,0.03,216300.0,0.23,216200.0,0.23,216100.0,0.02,216000.0,0.28,215900.0,0.22,217000.0,1.0,217100.0,1.0,217200.0,1.0,217300.0,1.0,217400.0,1.0,217500.0,1.0,217600.0,1.0,217700.0,1.0,217800.0,1.0,217900.0,1.0
000066.SZ,2020-08-10,09:55:53,217000.0,7800.0,1692085200.0,216800.0,1.0,216700.0,1.0,216600.0,1.0,216500.0,0.32,216400.0,0.03,216300.0,0.23,216200.0,0.23,216100.0,0.02,216000.0,0.28,215900.0,0.22,217000.0,1.0,217100.0,1.0,217200.0,1.0,217300.0,1.0,217400.0,1.0,217500.0,1.0,217600.0,1.0,217700.0,1.0,217800.0,1.0,217900.0,1.0
000066.SZ,2020-08-10,09:55:54,217000.0,128100.0,27793600800.0,216800.0,1.0,216700.0,1.0,216600.0,1.0,216500.0,0.32,216400.0,0.03,216300.0,0.23,216200.0,0.21,216100.0,0.02,216000.0,0.28,215900.0,0.22,217000.0,0.47,217100.0,1.0,217200.0,1.0,217300.0,1.0,217400.0,1.0,217500.0,1.0,217600.0,1.0,217700.0,1.0,217800.0,1.0,217900.0,1.0
000066.SZ,2020-08-10,09:55:55,216800.0,18300.0,3970587600.0,216800.0,1.0,216700.0,1.0,216600.0,1.0,216500.0,0.32,216400.0,0.03,216300.0,0.23,216200.0,0.21,216100.0,0.02,216000.0,0.28,215900.0,0.22,217000.0,0.3,217100.0,1.0,217200.0,1.0,217300.0,1.0,217400.0,1.0,217500.0,1.0,217600.0,1.0,217700.0,1.0,217800.0,1.0,217900.0,1.0
000066.SZ,2020-08-10,09:55:56,217000.0,10500.0,2278458000.0,216800.0,1.0,216700.0,1.0,216600.0,1.0,216500.0,0.32,216400.0,0.03,216300.0,0.23,216200.0,0.21,216100.0,0.02,216000.0,0.28,215900.0,0.22,217000.0,0.19,217100.0,1.0,217200.0,1.0,217300.0,1.0,217400.0,1.0,217500.0,1.0,217600.0,1.0,217700.0,1.0,217800.0,1.0,217900.0,1.0
000066.SZ,2020-08-10,09:55:57,217000.0,17100.0,3710700000.0,217000.0,0.09,216900.0,0.16,216800.0,1.0,216700.0,1.0,216600.0,1.0,216500.0,0.3,216400.0,0.03,216300.0,0.23,216200.0,0.21,216100.0,0.02,217100.0,1.0,217200.0,1.0,217300.0,1.0,217400.0,1.0,217500.0,1.0,217600.0,1.0,217700.0,1.0,217800.0,1.0,217900.0,1.0,218000.0,1.0
000066.SZ,2020-08-10,09:55:58,217000.0,2200.0,477620000.0,217000.0,0.3,216900.0,0.16,216800.0,1.0,216700.0,1.0,216600.0,1.0,216500.0,0.3,216400.0,0.03,216300.0,0.22,216200.0,0.2,216100.0,0.02,217100.0,1.0,217200.0,1.0,217300.0,1.0,217400.0,1.0,217500.0,1.0,217600.0,1.0,217700.0,1.0,217800.0,1.0,217900.0,1.0,218000.0,1.0
000066.SZ,2020-08-10,09:55:59,217100.0,2700.0,586218600.0,217100.0,0.16,217000.0,0.47,216900.0,0.18,216800.0,1.0,216700.0,1.0,216600.0,1.0,216500.0,0.3,216400.0,0.03,216300.0,0.22,216200.0,0.2,217200.0,1.0,217300.0,1.0,217400.0,1.0,217500.0,1.0,217600.0,1.0,217700.0,1.0,217800.0,1.0,217900.0,1.0,218000.0,1.0,218100.0,1.0
000066.SZ,2020-08-10,09:56:00,217100.0,13600.0,2953920000.0,217100.0,0.17,217000.0,0.51,216900.0,0.18,216800.0,1.0,216700.0,1.0,216600.0,1.0,216500.0,0.3,216400.0,0.03,216300.0,0.22,216200.0,0.2,217200.0,1.0,217300.0,1.0,217400.0,1.0,217500.0,1.0,217600.0,1.0,217700.0,1.0,217800.0,1.0,217900.0,1.0,218000.0,1.0,218100.0,1.0
000066.SZ,2020-08-10,09:56:01,217200.0,2000.0,434540000.0,217200.0,0.21,217100.0,0.23,217000.0,0.68,216900.0,0.18,216800.0,1.0,216700.0,1.0,216600.0,1.0,216500.0,0.29,216400.0,0.03,216300.0,0.22,217300.0,1.0,217400.0,1.0,217500.0,1.0,217600.0,1.0,217700.0,1.0,217800.0,1.0,217900.0,1.0,218000.0,1.0,218100.0,1.0,218200.0,1.0
000066.SZ,2020-08-10,09:56:02,217300.0,5600.0,1216880000.0,217200.0,0.21,217100.0,0.24,217000.0,0.76,216900.0,0.18,216800.0,1.0,216700.0,1.0,216600.0,1.0,216500.0,0.29,216400.0,0.03,216300.0,0.22,217300.0,1.0,217400.0,1.0,217500.0,1.0,217600.0,1.0,217700.0,1.0,217800.0,1.0,217900.0,1.0,218000.0,1.0,218100.0,1.0,218200.0,1.0
000066.SZ,2020-08-10,09:56:03,217300.0,36600.0,7955046600.0,217200.0,0.14,217100.0,0.26,217000.0,0.79,216900.0,0.18,216800.0,1.0,216700.0,1.0,216600.0,1.0,216500.0,0.29,216400.0,0.03,216300.0,0.22,217400.0,1.0,217500.0,1.0,217600.0,1.0,217700.0,1.0,217800.0,1.0,217900.0,1.0,218000.0,1.0,218100.0,1.0,218200.0,1.0,218300.0,1.0
000066.SZ,2020-08-10,09:56:04,217400.0,3300.0,717248400.0,217300.0,0.02,217200.0,0.14,217100.0,0.31,217000.0,0.87,216900.0,0.18,216800.0,1.0,216700.0,1.0,216600.0,1.0,216500.0,0.29,216400.0,0.03,217400.0,1.0,217500.0,1.0,217600.0,1.0,217700.0,1.0,217800.0,1.0,217900.0,1.0,218000.0,1.0,218100.0,1.0,218200.0,1.0,218300.0,1.0
000066.SZ,2020-08-10,09:56:05,217300.0,18300.0,3975729900.0,217200.0,0.02,217100.0,0.32,217000.0,0.86,216900.0,0.18,216800.0,1.0,216700.0,1.0,216600.0,1.0,216500.0,0.29,216400.0,0.03,216300.0,0.2,217300.0,0.01,217400.0,1.0,217500.0,1.0,217600.0,1.0,217700.0,1.0,217800.0,1.0,217900.0,1.0,218000.0,1.0,218100.0,1.0,218200.0,1.0
000066.SZ,2020-08-10,09:56:06,217200.0,3200.0,695545600.0,217300.0,0.07,217200.0,0.02,217100.0,0.4,217000.0,0.71,216900.0,0.18,216800.0,1.0,216700.0,1.0,216600.0,1.0,216500.0,0.29,216400.0,0.03,217500.0,1.0,217600.0,1.0,217700.0,1.0,217800.0,1.0,217900.0,1.0,218000.0,1.0,218100.0,1.0,218200.0,1.0,218300.0,1.0,218400.0,1.0
000066.SZ,2020-08-10,09:56:07,217300.0,34100.0,7412010100.0,217400.0,0.6,217300.0,0.03,217100.0,0.38,217000.0,0.69,216900.0,0.18,216800.0,1.0,216700.0,1.0,216600.0,1.0,216500.0,0.28,216400.0,0.03,217500.0,1.0,217600.0,1.0,217700.0,1.0,217800.0,1.0,217900.0,1.0,218000.0,1.0,218100.0,1.0,218200.0,1.0,218300.0,1.0,218400.0,1.0
000066.SZ,2020-08-10,09:56:08,217400.0,20318.0,4419246272.0,217500.0,0.21,217400.0,0.64,217300.0,0.04,217100.0,0.27,217000.0,0.69,216900.0,0.18,216800.0,1.0,216700.0,0.93,216600.0,1.0,216500.0,0.25,217600.0,1.0,217700.0,1.0,217800.0,1.0,217900.0,1.0,218000.0,1.0,218100.0,1.0,218200.0,1.0,218300.0,1.0,218400.0,1.0,218500.0,1.0
000066.SZ,2020-08-10,09:56:09,217500.0,300.0,65250000.0,217500.0,0.21,217400.0,0.69,217300.0,0.05,217200.0,0.06,217100.0,0.3,217000.0,0.63,216900.0,0.18,216800.0,1.0,216700.0,0.93,216600.0,1.0,217600.0,1.0,217700.0,1.0,217800.0,1.0,217900.0,1.0,218000.0,1.0,218100.0,1.0,218200.0,1.0,218300.0,1.0,218400.0,1.0,218500.0,1.0
000066.SZ,2020-08-10,09:56:10,217500.0,41782.0,9087668564.0,217400.0,0.72,217300.0,0.1,217200.0,0.09,217100.0,0.3,217000.0,0.63,216900.0,0.18,216800.0,0.91,216700.0,0.92,216600.0,1.0,216500.0,0.24,217500.0,0.31,217600.0,1.0,217700.0,1.0,217800.0,1.0,217900.0,1.0,218000.0,1.0,218100.0,1.0,218200.0,1.0,218300.0,1.0,218400.0,1.0
000066.SZ,2020-08-10,09:56:11,217500.0,5000.0,1087480000.0,217400.0,0.73,217300.0,0.17,217200.0,0.09,217100.0,0.28,217000.0,0.62,216900.0,0.18,216800.0,0.9,216700.0,0.92,216600.0,1.0,216500.0,0.24,217500.0,0.26,217600.0,1.0,217700.0,1.0,217800.0,1.0,217900.0,1.0,218000.0,1.0,218100.0,1.0,218200.0,1.0,218300.0,1.0,218400.0,1.0
000066.SZ,2020-08-10,09:56:12,217500.0,9018.0,1961739648.0,217500.0,0.03,217400.0,0.76,217300.0,0.17,217200.0,0.09,217100.0,0.28,217000.0,0.62,216900.0,0.18,216800.0,0.9,216700.0,0.9,216600.0,1.0,217600.0,1.0,217700.0,1.0,217800.0,1.0,217900.0,1.0,218000.0,1.0,218100.0,1.0,218200.0,1.0,218300.0,1.0,218400.0,1.0,218500.0,1.0
000066.SZ,2020-08-10,09:56:13,217600.0,4400.0,957924000.0,217500.0,0.05,217400.0,0.72,217300.0,0.17,217200.0,0.09,217100.0,0.27,217000.0,0.7,216900.0,0.18,216800.0,0.83,216700.0,0.9,216600.0,1.0,217800.0,1.0,217900.0,1.0,218000.0,1.0,218100.0,1.0,218200.0,1.0,218300.0,1.0,218400.0,1.0,218500.0,1.0,218600.0,1.0,218700.0,1.0
000066.SZ,2020-08-10,09:56:14,217500.0,17700.0,3851838600.0,217500.0,0.14,217400.0,0.76,217300.0,0.17,217200.0,0.09,217100.0,0.26,217000.0,0.69,216900.0,0.18,216800.0,0.84,216700.0,0.85,216600.0,1.0,217900.0,1.0,218000.0,1.0,218100.0,1.0,218200.0,1.0,218300.0,1.0,218400.0,1.0,218500.0,1.0,218600.0,1.0,218700.0,1.0,218800.0,1.0
000066.SZ,2020-08-10,09:56:15,217500.0,1100.0,239470000.0,217600.0,0.05,217500.0,0.17,217400.0,0.76,217300.0,0.17,217200.0,0.09,217100.0,0.21,217000.0,0.69,216900.0,0.18,216800.0,0.83,216700.0,0.85,217900.0,1.0,218000.0,1.0,218100.0,1.0,218200.0,1.0,218300.0,1.0,218400.0,1.0,218500.0,1.0,218600.0,1.0,218700.0,1.0,218800.0,1.0
000066.SZ,2020-08-10,09:56:16,217900.0,300.0,65340000.0,217800.0,0.01,217700.0,0.02,217600.0,0.33,217500.0,0.2,217400.0,0.76,217300.0,0.11,217200.0,0.09,217100.0,0.16,217000.0,0.69,216900.0,0.18,217900.0,1.0,218000.0,1.0,218100.0,1.0,218200.0,1.0,218300.0,1.0,218400.0,1.0,218500.0,1.0,218600.0,1.0,218700.0,1.0,218800.0,1.0
000066.SZ,2020-08-10,09:56:17,217800.0,1800.0,392040000.0,217700.0,0.04,217600.0,0.35,217500.0,0.2,217400.0,0.76,217300.0,0.12,217200.0,0.09,217100.0,0.16,217000.0,0.62,216900.0,0.18,216800.0,0.8,217800.0,0.16,217900.0,1.0,218000.0,1.0,218100.0,1.0,218200.0,1.0,218300.0,1.0,218400.0,1.0,218500.0,1.0,218600.0,1.0,218700.0,1.0
000066.SZ,2020-08-10,09:56:18,217800.0,18700.0,4073028300.0,217800.0,0.01,217700.0,0.04,217600.0,0.36,217500.0,0.2,217400.0,0.75,217300.0,0.12,217200.0,0.09,217100.0,0.16,217000.0,0.6,216900.0,0.18,217900.0,1.0,218000.0,1.0,218100.0,1.0,218200.0,1.0,218300.0,1.0,218400.0,1.0,218500.0,1.0,218600.0,1.0,218700.0,1.0,218800.0,1.0
000066.SZ,2020-08-10,09:56:19,217800.0,17600.0,3832875200.0,217900.0,0.08,217600.0,0.32,217500.0,0.18,217400.0,0.76,217300.0,0.12,217200.0,0.09,217100.0,0.16,217000.0,0.6,216900.0,0.18,216800.0,0.78,218000.0,1.0,218100.0,1.0,218200.0,1.0,218300.0,1.0,218400.0,1.0,218500.0,1.0,218600.0,1.0,218700.0,1.0,218800.0,1.0,218900.0,1.0
000066.SZ,2020-08-10,09:56:20,217900.0,53400.0,11641146600.0,217900.0,0.12,217800.0,0.55,217700.0,0.01,217600.0,0.32,217500.0,0.2,217400.0,0.74,217300.0,0.12,217200.0,0.09,217100.0,0.16,217000.0,0.57,218000.0,1.0,218100.0,1.0,218200.0,1.0,218300.0,1.0,218400.0,1.0,218500.0,1.0,218600.0,1.0,218700.0,1.0,218800.0,1.0,218900.0,1.0
000066.SZ,2020-08-10,09:56:21,218000.0,16900.0,3689337600.0,218000.0,0.9,217900.0,0.26,217800.0,0.64,217700.0,0.01,217600.0,0.32,217500.0,0.17,217400.0,0.73,217300.0,0.12,217200.0,0.09,217100.0,0.16,218400.0,1.0,218500.0,1.0,218600.0,1.0,218700.0,1.0,218800.0,1.0,218900.0,1.0,219000.0,1.0,219100.0,1.0,219200.0,1.0,219300.0,1.0
000066.SZ,2020-08-10,09:56:22,218000.0,55200.0,12033765600.0,218000.0,0.3,217900.0,0.38,217800.0,0.65,217700.0,0.02,217600.0,0.32,217500.0,0.17,217400.0,0.67,217300.0,0.12,217200.0,0.09,217100.0,0.16,218300.0,0.0,218400.0,1.0,218500.0,1.0,218600.0,1.0,218700.0,1.0,218800.0,1.0,218900.0,1.0,219000.0,1.0,219100.0,1.0,219200.0,1.0
000066.SZ,2020-08-10,09:56:23,218000.0,18100.0,3950542200.0,218000.0,0.5,217900.0,0.42,217800.0,0.66,217700.0,0.02,217600.0,0.31,217500.0,0.17,217400.0,0.67,217300.0,0.12,217200.0,0.09,217100.0,0.16,218400.0,1.0,218500.0,1.0,218600.0,1.0,218700.0,1.0,218800.0,1.0,218900.0,1.0,219000.0,1.0,219100.0,1.0,219200.0,1.0,219300.0,1.0
000066.SZ,2020-08-10,09:56:24,218000.0,3000.0,655158000.0,218000.0,0.78,217900.0,0.47,217800.0,0.66,217700.0,0.02,217600.0,0.31,217500.0,0.17,217400.0,0.65,217300.0,0.12,217200.0,0.09,217100.0,0.15,218200.0,0.03,218400.0,1.0,218500.0,1.0,218600.0,1.0,218700.0,1.0,218800.0,1.0,218900.0,1.0,219000.0,1.0,219100.0,1.0,219200.0,1.0
000066.SZ,2020-08-10,09:56:25,218200.0,4400.0,959200000.0,218000.0,0.73,217900.0,0.57,217800.0,0.67,217700.0,0.02,217600.0,0.31,217500.0,0.18,217400.0,0.65,217300.0,0.12,217200.0,0.09,217100.0,0.15,218200.0,0.04,218400.0,1.0,218500.0,1.0,218600.0,1.0,218700.0,1.0,218800.0,1.0,218900.0,1.0,219000.0,1.0,219100.0,1.0,219200.0,1.0
000066.SZ,2020-08-10,09:56:26,218000.0,8900.0,1942077900.0,218000.0,0.77,217900.0,0.65,217800.0,0.68,217700.0,0.02,217600.0,0.31,217500.0,0.16,217400.0,0.65,217300.0,0.12,217200.0,0.1,217100.0,0.12,218400.0,1.0,218500.0,1.0,218600.0,1.0,218700.0,1.0,218800.0,1.0,218900.0,1.0,219000.0,1.0,219100.0,1.0,219200.0,1.0,219300.0,1.0
000066.SZ,2020-08-10,09:56:27,218400.0,26300.0,5735135800.0,218200.0,0.01,218100.0,0.01,218000.0,0.55,217900.0,0.62,217800.0,0.68,217700.0,0.02,217600.0,0.33,217500.0,0.16,217400.0,0.65,217300.0,0.12,218400.0,1.0,218500.0,1.0,218600.0,1.0,218700.0,1.0,218800.0,1.0,218900.0,1.0,219000.0,1.0,219100.0,1.0,219200.0,1.0,219300.0,1.0
000066.SZ,2020-08-10,09:56:28,218400.0,82100.0,17910853900.0,217900.0,0.62,217800.0,0.68,217700.0,0.02,217600.0,0.33,217500.0,0.16,217400.0,0.07,217300.0,0.12,217200.0,0.1,217100.0,0.12,217000.0,0.56,218000.0,1.0,218500.0,1.0,218600.0,1.0,218700.0,1.0,218800.0,1.0,218900.0,1.0,219000.0,1.0,219100.0,1.0,219200.0,1.0,219300.0,1.0
000066.SZ,2020-08-10,09:56:29,218000.0,14700.0,3204394200.0,217900.0,0.59,217800.0,0.68,217700.0,0.02,217600.0,0.32,217500.0,0.16,217400.0,0.04,217300.0,0.12,217200.0,0.1,217100.0,0.12,217000.0,0.5,218000.0,0.97,218200.0,0.02,218400.0,0.06,218500.0,1.0,218600.0,1.0,218700.0,1.0,218800.0,1.0,218900.0,1.0,219000.0,1.0,219100.0,1.0
000066.SZ,2020-08-10,09:56:30,218000.0,17600.0,3836500800.0,217900.0,0.57,217800.0,0.62,217700.0,0.02,217600.0,0.32,217500.0,0.16,217400.0,0.03,217300.0,0.12,217200.0,0.1,217100.0,0.12,217000.0,0.45,218000.0,0.92,218200.0,0.09,218300.0,0.37,218400.0,0.07,218500.0,1.0,218600.0,1.0,218700.0,1.0,218800.0,1.0,218900.0,1.0,219000.0,1.0
000066.SZ,2020-08-10,09:56:31,217900.0,47500.0,10354667500.0,217900.0,0.52,217800.0,0.62,217700.0,0.02,217600.0,0.31,217500.0,0.17,217400.0,0.03,217300.0,0.12,217200.0,0.1,217100.0,0.12,217000.0,0.45,218000.0,0.46,218200.0,0.09,218300.0,0.37,218400.0,0.09,218500.0,1.0,218600.0,1.0,218700.0,1.0,218800.0,1.0,218900.0,1.0,219000.0,1.0
000066.SZ,2020-08-10,09:56:32,218000.0,6900.0,1504200000.0,217900.0,0.46,217800.0,0.62,217700.0,0.01,217600.0,0.31,217500.0,0.17,217400.0,0.03,217300.0,0.12,217200.0,0.04,217100.0,0.12,217000.0,0.45,218000.0,0.44,218200.0,0.09,218300.0,0.37,218400.0,0.09,218500.0,1.0,218600.0,1.0,218700.0,1.0,218800.0,1.0,218900.0,1.0,219000.0,1.0
000066.SZ,2020-08-10,09:56:33,218000.0,150000.0,32735100000.0,218000.0,0.05,217900.0,0.29,217800.0,0.62,217700.0,0.01,217600.0,0.47,217500.0,0.17,217400.0,0.03,217300.0,0.11,217200.0,0.04,217100.0,0.12,218500.0,1.0,218600.0,1.0,218700.0,1.0,218800.0,1.0,218900.0,1.0,219000.0,1.0,219100.0,1.0,219200.0,1.0,219300.0,1.0,219400.0,1.0
000066.SZ,2020-08-10,09:56:34,217900.0,80600.0,17569268600.0,217900.0,0.0,217800.0,0.27,217700.0,0.01,217600.0,0.48,217500.0,0.17,217400.0,0.03,217300.0,0.11,217200.0,0.04,217100.0,0.12,217000.0,0.32,218600.0,1.0,218700.0,1.0,218800.0,1.0,218900.0,1.0,219000.0,1.0,219100.0,1.0,219200.0,1.0,219300.0,1.0,219400.0,1.0,219500.0,1.0
000066.SZ,2020-08-10,09:56:35,218600.0,12400.0,2703138000.0,217800.0,0.27,217700.0,0.01,217600.0,0.59,217500.0,0.17,217400.0,0.03,217300.0,0.11,217200.0,0.04,217100.0,0.12,217000.0,0.32,216900.0,0.18,217900.0,0.02,218300.0,0.01,218500.0,0.0,218600.0,1.0,218700.0,1.0,218800.0,1.0,218900.0,1.0,219000.0,1.0,219100.0,1.0,219200.0,1.0
000066.SZ,2020-08-10,09:56:36,217900.0,5100.0,1111968300.0,218000.0,0.5,217900.0,0.02,217800.0,0.27,217700.0,0.01,217600.0,0.59,217500.0,0.17,217400.0,0.03,217300.0,0.11,217200.0,0.04,217100.0,0.12,218100.0,0.07,218300.0,0.01,218400.0,0.08,218500.0,0.0,218600.0,1.0,218700.0,1.0,218800.0,1.0,218900.0,1.0,219000.0,1.0,219100.0,1.0
000066.SZ,2020-08-10,09:56:37,218100.0,145700.0,31787077600.0,217900.0,0.02,217800.0,0.27,217700.0,0.01,217600.0,0.59,217500.0,0.16,217400.0,0.03,217300.0,0.05,217200.0,0.04,217100.0,0.12,217000.0,0.32,218000.0,0.14,218200.0,0.0,218500.0,0.39,218600.0,1.0,218700.0,1.0,218800.0,1.0,218900.0,1.0,219000.0,1.0,219100.0,1.0,219200.0,1.0
000066.SZ,2020-08-10,09:56:38,218000.0,22200.0,4844106600.0,218000.0,0.13,217900.0,0.02,217800.0,0.29,217700.0,0.01,217600.0,0.59,217500.0,0.16,217400.0,0.03,217300.0,0.05,217200.0,0.04,217100.0,0.12,218400.0,0.0,218500.0,0.3,218600.0,1.0,218700.0,1.0,218800.0,1.0,218900.0,1.0,219000.0,1.0,219100.0,1.0,219200.0,1.0,219300.0,1.0
000066.SZ,2020-08-10,09:56:39,218400.0,32100.0,7013015400.0,218000.0,0.13,217900.0,0.03,217800.0,0.29,217700.0,0.01,217600.0,0.59,217500.0,0.16,217400.0,0.03,217300.0,0.05,217200.0,0.04,217100.0,0.12,218400.0,0.04,218500.0,0.01,218600.0,1.0,218700.0,1.0,218800.0,1.0,218900.0,1.0,219000.0,1.0,219100.0,1.0,219200.0,1.0,219300.0,1.0
000066.SZ,2020-08-10,09:56:40,218400.0,21000.0,4582515000.0,218500.0,0.01,218400.0,0.01,218000.0,0.03,217900.0,0.03,217800.0,0.29,217700.0,0.01,217600.0,0.59,217500.0,0.16,217400.0,0.03,217300.0,0.05,218600.0,1.0,218700.0,1.0,218800.0,1.0,218900.0,1.0,219000.0,1.0,219100.0,1.0,219200.0,1.0,219300.0,1.0,219400.0,1.0,219500.0,1.0
000066.SZ,2020-08-10,09:56:41,218600.0,24800.0,5419643200.0,218100.0,0.02,218000.0,0.04,217900.0,0.05,217800.0,0.29,217700.0,0.01,217600.0,0.59,217500.0,0.16,217400.0,0.03,217300.0,0.05,217200.0,0.04,218200.0,0.01,218600.0,1.0,218700.0,1.0,218800.0,1.0,218900.0,1.0,219000.0,1.0,219100.0,1.0,219200.0,1.0,219300.0,1.0,219400.0,1.0
000066.SZ,2020-08-10,09:56:42,218500.0,10900.0,2378870500.0,218100.0,0.02,218000.0,0.06,217900.0,0.05,217800.0,0.29,217700.0,0.01,217600.0,0.59,217500.0,0.16,217400.0,0.03,217300.0,0.05,217200.0,0.04,218400.0,0.05,218500.0,0.01,218600.0,1.0,218700.0,1.0,218800.0,1.0,218900.0,1.0,219000.0,1.0,219100.0,1.0,219200.0,1.0,219300.0,1.0
000066.SZ,2020-08-10,09:56:43,218100.0,30400.0,6642460800.0,218100.0,0.07,218000.0,0.07,217900.0,0.05,217800.0,0.29,217700.0,0.01,217600.0,0.59,217500.0,0.16,217400.0,0.03,217300.0,0.05,217200.0,0.04,218400.0,0.0,218600.0,1.0,218700.0,1.0,218800.0,1.0,218900.0,1.0,219000.0,1.0,219100.0,1.0,219200.0,1.0,219300.0,1.0,219400.0,1.0
000066.SZ,2020-08-10,09:56:44,218400.0,6800.0,1485290000.0,218400.0,0.04,218100.0,0.07,218000.0,0.08,217900.0,0.05,217800.0,0.29,217700.0,0.01,217600.0,0.59,217500.0,0.16,217400.0,0.03,217300.0,0.05,218500.0,1.0,218600.0,1.0,218700.0,1.0,218800.0,1.0,218900.0,1.0,219000.0,1.0,219100.0,1.0,219200.0,1.0,219300.0,1.0,219400.0,1.0
000066.SZ,2020-08-10,09:56:45,218400.0,1000.0,218490000.0,218400.0,0.26,218100.0,0.15,218000.0,0.08,217900.0,0.05,217800.0,0.29,217700.0,0.01,217600.0,0.59,217500.0,0.18,217400.0,0.03,217300.0,0.03,218500.0,1.0,218600.0,1.0,218700.0,1.0,218800.0,1.0,218900.0,1.0,219000.0,1.0,219100.0,1.0,219200.0,1.0,219300.0,1.0,219400.0,1.0
000066.SZ,2020-08-10,09:56:46,218500.0,65500.0,14308082000.0,218200.0,0.34,218100.0,0.24,218000.0,0.08,217900.0,0.05,217800.0,0.32,217700.0,0.01,217600.0,0.59,217500.0,0.19,217400.0,0.03,217300.0,0.03,218500.0,1.0,218600.0,1.0,218700.0,1.0,218800.0,1.0,218900.0,1.0,219000.0,1.0,219100.0,1.0,219200.0,1.0,219300.0,1.0,219400.0,1.0
000066.SZ,2020-08-10,09:56:47,218500.0,30900.0,6751155600.0,218200.0,0.34,218100.0,0.24,218000.0,0.16,217900.0,0.05,217800.0,0.32,217700.0,0.01,217600.0,0.59,217500.0,0.19,217400.0,0.03,217300.0,0.03,218300.0,0.01,218400.0,0.01,218500.0,1.0,218600.0,1.0,218700.0,1.0,218800.0,1.0,218900.0,1.0,219000.0,1.0,219100.0,1.0,219200.0,1.0
000066.SZ,2020-08-10,09:56:48,218500.0,32100.0,7004894100.0,218400.0,0.04,218200.0,0.03,218100.0,0.25,218000.0,0.16,217900.0,0.05,217800.0,0.32,217700.0,0.01,217600.0,0.54,217500.0,0.19,217400.0,0.03,218500.0,1.0,218600.0,1.0,218700.0,1.0,218800.0,1.0,218900.0,1.0,219000.0,1.0,219100.0,1.0,219200.0,1.0,219300.0,1.0,219400.0,1.0
000066.SZ,2020-08-10,09:56:49,218400.0,21500.0,4696438500.0,218200.0,0.1,218100.0,0.25,218000.0,0.16,217900.0,0.05,217800.0,0.33,217700.0,0.01,217600.0,0.54,217500.0,0.19,217400.0,0.03,217300.0,0.03,218300.0,0.14,218400.0,0.05,218500.0,1.0,218600.0,1.0,218700.0,1.0,218800.0,1.0,218900.0,1.0,219000.0,1.0,219100.0,1.0,219200.0,1.0
000066.SZ,2020-08-10,09:56:50,218300.0,11300.0,2466790000.0,218200.0,0.1,218100.0,0.25,218000.0,0.17,217900.0,0.05,217800.0,0.33,217700.0,0.01,217600.0,0.54,217500.0,0.19,217400.0,0.03,217300.0,0.03,218300.0,0.01,218400.0,0.17,218500.0,1.0,218600.0,1.0,218700.0,1.0,218800.0,1.0,218900.0,1.0,219000.0,1.0,219100.0,1.0,219200.0,1.0
000066.SZ,2020-08-10,09:56:51,218300.0,10900.0,2380254800.0,218200.0,0.1,218100.0,0.25,218000.0,0.18,217900.0,0.05,217800.0,0.33,217700.0,0.01,217600.0,0.54,217500.0,0.19,217400.0,0.03,217300.0,0.03,218400.0,0.13,218500.0,1.0,218600.0,1.0,218700.0,1.0,218800.0,1.0,218900.0,1.0,219000.0,1.0,219100.0,1.0,219200.0,1.0,219300.0,1.0
000066.SZ,2020-08-10,09:56:52,218400.0,21700.0,4739214900.0,218200.0,0.07,218100.0,0.25,218000.0,0.23,217900.0,0.05,217800.0,0.34,217700.0,0.01,217600.0,0.54,217500.0,0.19,217400.0,0.03,217300.0,0.03,218500.0,1.0,218600.0,1.0,218700.0,1.0,218800.0,1.0,218900.0,1.0,219000.0,1.0,219100.0,1.0,219200.0,1.0,219300.0,1.0,219400.0,1.0
000066.SZ,2020-08-10,09:56:53,218500.0,77200.0,16858009600.0,218200.0,0.07,218100.0,0.25,218000.0,0.23,217900.0,0.05,217800.0,0.34,217700.0,0.01,217600.0,0.54,217500.0,0.19,217400.0,0.03,217300.0,0.03,218500.0,0.74,218600.0,1.0,218700.0,1.0,218800.0,1.0,218900.0,1.0,219000.0,1.0,219100.0,1.0,219200.0,1.0,219300.0,1.0,219400.0,1.0
000066.SZ,2020-08-10,09:56:54,218500.0,8400.0,1834635600.0,218200.0,0.07,218100.0,0.25,218000.0,0.23,217900.0,0.05,217800.0,0.34,217700.0,0.01,217600.0,0.54,217500.0,0.19,217400.0,0.02,217300.0,0.03,218400.0,0.08,218500.0,0.76,218600.0,1.0,218700.0,1.0,218800.0,1.0,218900.0,1.0,219000.0,1.0,219100.0,1.0,219200.0,1.0,219300.0,1.0
000066.SZ,2020-08-10,09:56:55,218200.0,13200.0,2882088000.0,218200.0,0.06,218100.0,0.25,218000.0,0.23,217900.0,0.05,217800.0,0.34,217700.0,0.01,217600.0,0.54,217500.0,0.19,217400.0,0.02,217300.0,0.03,218300.0,0.29,218400.0,0.02,218500.0,0.77,218600.0,1.0,218700.0,1.0,218800.0,1.0,218900.0,1.0,219000.0,1.0,219100.0,1.0,219200.0,1.0
000066.SZ,2020-08-10,09:56:56,218300.0,21900.0,4780551000.0,218200.0,0.12,218100.0,0.26,218000.0,0.23,217900.0,0.05,217800.0,0.34,217700.0,0.01,217600.0,0.54,217500.0,0.19,217400.0,0.02,217300.0,0.03,218300.0,0.07,218400.0,0.03,218500.0,0.77,218600.0,1.0,218700.0,1.0,218800.0,1.0,218900.0,1.0,219000.0,1.0,219100.0,1.0,219200.0,1.0
000066.SZ,2020-08-10,09:56:57,218300.0,60900.0,13292825700.0,218100.0,0.26,218000.0,0.23,217900.0,0.05,217800.0,0.29,217700.0,0.01,217600.0,0.54,217500.0,0.19,217400.0,0.02,217300.0,0.03,217200.0,0.04,218200.0,0.12,218500.0,0.66,218600.0,1.0,218700.0,1.0,218800.0,1.0,218900.0,1.0,219000.0,1.0,219100.0,1.0,219200.0,1.0,219300.0,1.0
000066.SZ,2020-08-10,09:56:58,218200.0,39600.0,8636403600.0,218000.0,0.12,217900.0,0.05,217800.0,0.29,217700.0,0.01,217600.0,0.54,217500.0,0.19,217400.0,0.02,217300.0,0.03,217200.0,0.04,217100.0,0.05,218200.0,0.04,218300.0,0.0,218400.0,0.07,218500.0,0.68,218600.0,1.0,218700.0,1.0,218800.0,1.0,218900.0,1.0,219000.0,1.0,219100.0,1.0
000066.SZ,2020-08-10,09:56:59,218000.0,47100.0,10287158100.0,218300.0,0.12,218000.0,0.1,217900.0,0.05,217800.0,0.29,217700.0,0.01,217600.0,0.54,217500.0,0.19,217400.0,0.02,217300.0,0.03,217200.0,0.04,218400.0,0.02,218500.0,0.45,218600.0,1.0,218700.0,1.0,218800.0,1.0,218900.0,1.0,219000.0,1.0,219100.0,1.0,219200.0,1.0,219300.0,1.0
000066.SZ,2020-08-10,09:57:00,218400.0,15800.0,3447891800.0,218200.0,0.0,218000.0,0.05,217900.0,0.05,217800.0,0.29,217700.0,0.01,217600.0,0.54,217500.0,0.19,217400.0,0.02,217300.0,0.03,217200.0,0.04,218400.0,0.01,218500.0,0.45,218600.0,1.0,218700.0,1.0,218800.0,1.0,218900.0,1.0,219000.0,1.0,219100.0,1.0,219200.0,1.0,219300.0,1.0
000066.SZ,2020-08-10,09:57:01,218000.0,6100.0,1332508400.0,218400.0,0.02,218300.0,0.02,218200.0,0.26,218000.0,0.07,217900.0,0.05,217800.0,0.29,217700.0,0.01,217600.0,0.54,217500.0,0.19,217400.0,0.02,218500.0,0.41,218600.0,1.0,218700.0,1.0,218800.0,1.0,218900.0,1.0,219000.0,1.0,219100.0,1.0,219200.0,1.0,219300.0,1.0,219400.0,1.0
000066.SZ,2020-08-10,09:57:02,218200.0,48300.0,10541813100.0,217900.0,0.05,217800.0,0.29,217700.0,0.01,217600.0,0.54,217500.0,0.19,217400.0,0.02,217300.0,0.03,217200.0,0.04,217100.0,0.05,217000.0,0.43,218000.0,0.77,218500.0,0.28,218600.0,1.0,218700.0,1.0,218800.0,1.0,218900.0,1.0,219000.0,1.0,219100.0,1.0,219200.0,1.0,219300.0,1.0
000066.SZ,2020-08-10,09:57:03,218000.0,7500.0,1635000000.0,217900.0,0.04,217800.0,0.29,217700.0,0.01,217600.0,0.54,217500.0,0.19,217400.0,0.02,217300.0,0.03,217200.0,0.04,217100.0,0.05,217000.0,0.43,218000.0,0.68,218200.0,0.01,218400.0,0.22,218500.0,0.34,218600.0,1.0,218700.0,1.0,218800.0,1.0,218900.0,1.0,219000.0,1.0,219100.0,1.0
000066.SZ,2020-08-10,09:57:04,218000.0,14000.0,3051622000.0,217800.0,0.29,217700.0,0.02,217600.0,0.54,217500.0,0.19,217400.0,0.02,217300.0,0.03,217200.0,0.04,217100.0,0.05,217000.0,0.43,216900.0,0.19,218000.0,0.57,218100.0,0.12,218200.0,0.01,218300.0,0.0,218400.0,0.24,218500.0,0.35,218600.0,1.0,218700.0,1.0,218800.0,1.0,218900.0,1.0
000066.SZ,2020-08-10,09:57:05,218000.0,3700.0,806559300.0,217800.0,0.29,217700.0,0.02,217600.0,0.54,217500.0,0.19,217400.0,0.02,217300.0,0.03,217200.0,0.04,217100.0,0.05,217000.0,0.43,216900.0,0.19,218000.0,0.54,218100.0,0.14,218200.0,0.01,218300.0,0.0,218400.0,0.27,218500.0,0.34,218600.0,1.0,218700.0,1.0,218800.0,1.0,218900.0,1.0
000066.SZ,2020-08-10,09:57:06,218000.0,14600.0,3182143000.0,217800.0,0.25,217700.0,0.02,217600.0,0.54,217500.0,0.25,217400.0,0.02,217300.0,0.03,217200.0,0.04,217100.0,0.05,217000.0,0.42,216900.0,0.19,218000.0,0.41,218100.0,0.17,218200.0,0.03,218300.0,0.0,218400.0,0.38,218500.0,0.36,218600.0,1.0,218700.0,1.0,218800.0,1.0,218900.0,1.0
000066.SZ,2020-08-10,09:57:07,218000.0,17600.0,3836518400.0,217800.0,0.25,217700.0,0.02,217600.0,0.54,217500.0,0.25,217400.0,0.02,217300.0,0.03,217200.0,0.04,217100.0,0.05,217000.0,0.42,216900.0,0.19,218000.0,0.24,218100.0,0.17,218200.0,0.03,218300.0,0.0,218400.0,0.38,218500.0,0.36,218600.0,1.0,218700.0,1.0,218800.0,1.0,218900.0,1.0
000066.SZ,2020-08-10,09:57:08,218000.0,5900.0,1285739800.0,217800.0,0.22,217700.0,0.02,217600.0,0.54,217500.0,0.25,217400.0,0.02,217300.0,0.03,217200.0,0.04,217100.0,0.05,217000.0,0.42,216900.0,0.19,217900.0,0.56,218000.0,0.2,218100.0,0.17,218200.0,0.04,218300.0,0.0,218400.0,0.39,218500.0,0.36,218600.0,1.0,218700.0,1.0,218800.0,1.0
000066.SZ,2020-08-10,09:57:09,217800.0,16200.0,3529980000.0,217800.0,0.22,217700.0,0.02,217600.0,0.54,217500.0,0.25,217400.0,0.02,217300.0,0.03,217200.0,0.04,217100.0,0.05,217000.0,0.43,216900.0,0.19,217900.0,0.38,218000.0,0.2,218100.0,0.17,218200.0,0.04,218300.0,0.0,218400.0,0.4,218500.0,0.36,218600.0,1.0,218700.0,1.0,218800.0,1.0
000066.SZ,2020-08-10,09:57:10,217900.0,33637.0,7326912251.0,217700.0,0.01,217600.0,0.54,217500.0,0.25,217400.0,0.02,217300.0,0.03,217200.0,0.04,217100.0,0.05,217000.0,0.43,216900.0,0.19,216800.0,0.38,217800.0,0.01,217900.0,0.26,218000.0,0.23,218100.0,0.17,218200.0,0.04,218300.0,0.0,218400.0,0.4,218500.0,0.37,218600.0,1.0,218700.0,1.0
000066.SZ,2020-08-10,09:57:11,217800.0,52000.0,11332412000.0,217800.0,0.02,217700.0,0.01,217600.0,0.54,217500.0,0.26,217400.0,0.02,217300.0,0.03,217200.0,0.04,217100.0,0.05,217000.0,0.43,216900.0,0.19,218000.0,0.04,218100.0,0.17,218200.0,0.05,218300.0,0.0,218400.0,0.41,218500.0,0.37,218600.0,1.0,218700.0,1.0,218800.0,1.0,218900.0,1.0
000066.SZ,2020-08-10,09:57:12,218000.0,12800.0,2791129600.0,218000.0,0.08,217800.0,0.02,217700.0,0.01,217600.0,0.54,217500.0,0.26,217400.0,0.02,217300.0,0.03,217200.0,0.04,217100.0,0.05,217000.0,0.43,218100.0,0.09,218200.0,0.07,218300.0,0.0,218400.0,0.41,218500.0,0.37,218600.0,1.0,218700.0,1.0,218800.0,1.0,218900.0,1.0,219000.0,1.0
000066.SZ,2020-08-10,09:57:13,218000.0,11200.0,2440849600.0,217800.0,0.08,217700.0,0.01,217600.0,0.54,217500.0,0.26,217400.0,0.02,217300.0,0.03,217200.0,0.04,217100.0,0.05,217000.0,0.43,216900.0,0.19,218000.0,0.08,218100.0,0.09,218200.0,0.05,218300.0,0.0,218400.0,0.41,218500.0,0.37,218600.0,1.0,218700.0,1.0,218800.0,1.0,218900.0,1.0
000066.SZ,2020-08-10,09:57:14,218000.0,200.0,43600000.0,217800.0,0.08,217700.0,0.01,217600.0,0.54,217500.0,0.26,217400.0,0.02,217300.0,0.03,217200.0,0.04,217100.0,0.05,217000.0,0.43,216900.0,0.19,217900.0,0.0,218000.0,0.34,218100.0,0.09,218200.0,0.05,218300.0,0.0,218400.0,0.41,218500.0,0.38,218600.0,1.0,218700.0,1.0,218800.0,1.0
000066.SZ,2020-08-10,09:57:15,218000.0,8000.0,1742400000.0,217700.0,0.01,217600.0,0.54,217500.0,0.26,217400.0,0.02,217300.0,0.03,217200.0,0.04,217100.0,0.05,217000.0,0.43,216900.0,0.19,216800.0,0.28,217800.0,0.31,217900.0,0.0,218000.0,0.35,218100.0,0.09,218200.0,0.05,218300.0,0.0,218400.0,0.47,218500.0,0.38,218600.0,1.0,218700.0,1.0
000066.SZ,2020-08-10,09:57:16,217800.0,21400.0,4658908400.0,217600.0,0.44,217500.0,0.25,217400.0,0.02,217300.0,0.03,217200.0,0.04,217100.0,0.05,217000.0,0.43,216900.0,0.19,216800.0,0.28,216700.0,0.61,217800.0,0.21,217900.0,0.0,218000.0,0.35,218100.0,0.1,218200.0,0.05,218300.0,0.0,218400.0,0.47,218500.0,0.37,218600.0,1.0,218700.0,1.0
000066.SZ,2020-08-10,09:57:17,217800.0,22200.0,4835759400.0,217600.0,0.44,217500.0,0.25,217400.0,0.02,217300.0,0.03,217200.0,0.04,217100.0,0.05,217000.0,0.43,216900.0,0.19,216800.0,0.28,216700.0,0.61,218000.0,0.82,218100.0,0.1,218200.0,0.05,218300.0,0.01,218400.0,0.45,218500.0,0.36,218600.0,1.0,218700.0,1.0,218800.0,1.0,218900.0,1.0
000066.SZ,2020-08-10,09:57:18,218000.0,1200.0,261579600.0,217900.0,0.0,217800.0,0.01,217600.0,0.44,217500.0,0.25,217400.0,0.02,217300.0,0.03,217200.0,0.04,217100.0,0.05,217000.0,0.43,216900.0,0.19,218000.0,0.81,218100.0,0.1,218200.0,0.09,218300.0,0.01,218400.0,0.46,218500.0,0.36,218600.0,1.0,218700.0,1.0,218800.0,1.0,218900.0,1.0
000066.SZ,2020-08-10,09:57:19,217900.0,2000.0,435700000.0,217600.0,0.44,217500.0,0.25,217400.0,0.02,217300.0,0.03,217200.0,0.04,217100.0,0.05,217000.0,0.43,216900.0,0.19,216800.0,0.28,216700.0,0.61,217900.0,0.0,218000.0,0.81,218100.0,0.1,218200.0,0.09,218300.0,0.01,218400.0,0.46,218500.0,0.36,218600.0,1.0,218700.0,1.0,218800.0,1.0
000066.SZ,2020-08-10,09:57:20,217900.0,20100.0,4374805200.0,217600.0,0.32,217500.0,0.25,217400.0,0.02,217300.0,0.03,217200.0,0.04,217100.0,0.05,217000.0,0.44,216900.0,0.19,216800.0,0.28,216700.0,0.61,217700.0,0.01,218000.0,0.81,218100.0,0.1,218200.0,0.09,218300.0,0.01,218400.0,0.46,218500.0,0.36,218600.0,1.0,218700.0,1.0,218800.0,1.0
000066.SZ,2020-08-10,09:57:21,217800.0,2700.0,587709000.0,217600.0,0.31,217500.0,0.25,217400.0,0.02,217300.0,0.03,217200.0,0.04,217100.0,0.05,217000.0,0.44,216900.0,0.19,216800.0,0.23,216700.0,0.61,217700.0,0.19,217900.0,0.01,218000.0,0.82,218100.0,0.13,218200.0,0.09,218300.0,0.02,218400.0,0.45,218500.0,0.36,218600.0,1.0,218700.0,1.0
000066.SZ,2020-08-10,09:57:22,217700.0,51063.0,11114730021.0,217600.0,0.01,217500.0,0.25,217400.0,0.02,217300.0,0.03,217200.0,0.04,217100.0,0.05,217000.0,0.44,216900.0,0.19,216800.0,0.23,216700.0,0.61,217800.0,0.01,217900.0,0.01,218000.0,0.89,218100.0,0.14,218200.0,0.09,218300.0,0.02,218400.0,0.53,218500.0,0.38,218600.0,1.0,218700.0,1.0
000066.SZ,2020-08-10,09:57:23,217800.0,3100.0,675254400.0,217600.0,0.01,217500.0,0.25,217400.0,0.02,217300.0,0.03,217200.0,0.04,217100.0,0.05,217000.0,0.44,216900.0,0.19,216800.0,0.23,216700.0,0.61,217900.0,0.03,218000.0,0.93,218100.0,0.2,218200.0,0.09,218300.0,0.02,218400.0,0.53,218500.0,0.38,218600.0,1.0,218700.0,1.0,218800.0,1.0
000066.SZ,2020-08-10,09:57:24,217900.0,2000.0,435520000.0,217700.0,0.0,217600.0,0.01,217500.0,0.26,217400.0,0.02,217300.0,0.03,217200.0,0.04,217100.0,0.05,217000.0,0.45,216900.0,0.19,216800.0,0.23,217900.0,0.08,218000.0,1.0,218100.0,0.2,218200.0,0.08,218300.0,0.02,218400.0,0.53,218500.0,0.37,218600.0,1.0,218700.0,1.0,218800.0,1.0
000066.SZ,2020-08-10,09:57:25,217700.0,10900.0,2374379700.0,217600.0,0.1,217500.0,0.26,217400.0,0.02,217300.0,0.03,217200.0,0.04,217100.0,0.05,217000.0,0.45,216900.0,0.19,216800.0,0.23,216700.0,0.61,217700.0,0.43,217900.0,0.01,218000.0,1.0,218100.0,0.2,218200.0,0.08,218300.0,0.02,218400.0,0.53,218500.0,0.37,218600.0,1.0,218700.0,1.0
000066.SZ,2020-08-10,09:57:26,217700.0,13900.0,3026016100.0,217600.0,0.1,217500.0,0.26,217400.0,0.02,217300.0,0.03,217200.0,0.04,217100.0,0.05,217000.0,0.45,216900.0,0.19,216800.0,0.23,216700.0,0.61,217700.0,0.29,217800.0,0.01,217900.0,0.01,218000.0,0.96,218100.0,0.2,218200.0,0.08,218300.0,0.02,218400.0,0.53,218500.0,0.37,218600.0,1.0
000066.SZ,2020-08-10,09:57:27,217700.0,6200.0,1349138600.0,217600.0,0.03,217500.0,0.26,217400.0,0.02,217300.0,0.03,217200.0,0.04,217100.0,0.05,217000.0,0.45,216900.0,0.19,216800.0,0.23,216700.0,0.61,217700.0,0.29,217800.0,0.01,217900.0,0.15,218000.0,1.0,218100.0,0.2,218200.0,0.08,218300.0,0.02,218400.0,0.53,218500.0,0.37,218600.0,1.0
000066.SZ,2020-08-10,09:57:28,217700.0,30882.0,6717329112.0,217400.0,0.02,217300.0,0.03,217200.0,0.04,217100.0,0.05,217000.0,0.45,216900.0,0.19,216800.0,0.23,216700.0,0.61,216600.0,0.49,216500.0,0.23,217500.0,0.24,217600.0,0.0,217700.0,0.28,217800.0,0.01,217900.0,0.16,218000.0,0.95,218100.0,0.2,218200.0,0.08,218300.0,0.02,218400.0,0.32
000066.SZ,2020-08-10,09:57:29,217500.0,111400.0,24263142800.0,217800.0,0.0,217500.0,0.0,217400.0,0.02,217300.0,0.03,217200.0,0.04,217100.0,0.05,217000.0,0.45,216900.0,0.2,216800.0,0.23,216700.0,0.61,217900.0,0.06,218000.0,0.54,218100.0,0.2,218200.0,0.08,218300.0,0.03,218400.0,0.32,218500.0,0.35,218600.0,1.0,218700.0,1.0,218800.0,1.0
000066.SZ,2020-08-10,09:57:30,217800.0,400.0,87120000.0,217500.0,0.0,217400.0,0.02,217300.0,0.03,217200.0,0.04,217100.0,0.05,217000.0,0.45,216900.0,0.2,216800.0,0.22,216700.0,0.61,216600.0,0.49,217600.0,0.12,217700.0,0.06,217800.0,0.02,217900.0,0.06,218000.0,0.53,218100.0,0.2,218200.0,0.08,218300.0,0.03,218400.0,0.32,218500.0,0.35
000066.SZ,2020-08-10,09:57:31,217800.0,600.0,130560000.0,217500.0,0.0,217400.0,0.02,217300.0,0.03,217200.0,0.04,217100.0,0.05,217000.0,0.45,216900.0,0.2,216800.0,0.22,216700.0,0.61,216600.0,0.49,217600.0,0.23,217700.0,0.06,217800.0,0.02,217900.0,0.06,218000.0,0.54,218100.0,0.2,218200.0,0.08,218300.0,0.03,218400.0,0.32,218500.0,0.35
000066.SZ,2020-08-10,09:57:32,217600.0,8900.0,1936640000.0,217500.0,0.0,217400.0,0.02,217300.0,0.03,217200.0,0.04,217100.0,0.05,217000.0,0.45,216900.0,0.2,216800.0,0.22,216700.0,0.61,216600.0,0.49,217600.0,0.43,217700.0,0.29,217800.0,0.02,217900.0,0.06,218000.0,0.54,218100.0,0.2,218200.0,0.08,218300.0,0.03,218400.0,0.32,218500.0,0.35
000066.SZ,2020-08-10,09:57:33,217600.0,1300.0,282818900.0,217400.0,0.02,217300.0,0.03,217200.0,0.04,217100.0,0.05,217000.0,0.44,216900.0,0.2,216800.0,0.22,216700.0,0.61,216600.0,0.49,216500.0,0.23,217600.0,0.49,217700.0,0.29,217800.0,0.04,217900.0,0.08,218000.0,0.54,218100.0,0.2,218200.0,0.08,218300.0,0.03,218400.0,0.32,218500.0,0.35
000066.SZ,2020-08-10,09:57:34,217500.0,7800.0,1695127200.0,217200.0,0.02,217100.0,0.39,217000.0,0.44,216900.0,0.2,216800.0,0.22,216700.0,0.61,216600.0,0.49,216500.0,0.23,216400.0,0.03,216300.0,0.19,217600.0,0.58,217700.0,0.29,217800.0,0.04,217900.0,0.1,218000.0,0.55,218100.0,0.18,218200.0,0.08,218300.0,0.03,218400.0,0.32,218500.0,0.34
000066.SZ,2020-08-10,09:57:35,217500.0,900.0,195699600.0,217400.0,0.08,217200.0,0.02,217100.0,0.39,217000.0,0.44,216900.0,0.2,216800.0,0.22,216700.0,0.61,216600.0,0.49,216500.0,0.23,216400.0,0.03,217500.0,0.09,217600.0,0.59,217700.0,0.29,217800.0,0.06,217900.0,0.1,218000.0,0.57,218100.0,0.18,218200.0,0.08,218300.0,0.03,218400.0,0.33
000066.SZ,2020-08-10,09:57:36,217400.0,1600.0,347908800.0,217400.0,0.07,217200.0,0.02,217100.0,0.39,217000.0,0.44,216900.0,0.2,216800.0,0.22,216700.0,0.61,216600.0,0.49,216500.0,0.23,216400.0,0.03,217500.0,0.09,217600.0,0.59,217700.0,0.29,217800.0,0.06,217900.0,0.1,218000.0,0.6,218100.0,0.18,218200.0,0.08,218300.0,0.03,218400.0,0.33
000066.SZ,2020-08-10,09:57:37,217400.0,3900.0,848047200.0,217400.0,0.05,217200.0,0.02,217100.0,0.39,217000.0,0.44,216900.0,0.2,216800.0,0.22,216700.0,0.61,216600.0,0.49,216500.0,0.23,216400.0,0.03,217500.0,0.08,217600.0,0.59,217700.0,0.3,217800.0,0.06,217900.0,0.11,218000.0,0.6,218100.0,0.18,218200.0,0.08,218300.0,0.03,218400.0,0.33
000066.SZ,2020-08-10,09:57:38,217500.0,9000.0,1957113000.0,217400.0,0.01,217200.0,0.03,217100.0,0.39,217000.0,0.44,216900.0,0.2,216800.0,0.22,216700.0,0.61,216600.0,0.49,216500.0,0.23,216400.0,0.03,217500.0,0.02,217600.0,0.59,217700.0,0.3,217800.0,0.06,217900.0,0.11,218000.0,0.6,218100.0,0.18,218200.0,0.08,218300.0,0.03,218400.0,0.33
000066.SZ,2020-08-10,09:57:39,217500.0,1300.0,282669400.0,217200.0,0.03,217100.0,0.39,217000.0,0.44,216900.0,0.2,216800.0,0.22,216700.0,0.61,216600.0,0.49,216500.0,0.23,216400.0,0.03,216300.0,0.19,217300.0,0.11,217400.0,0.03,217500.0,0.03,217600.0,0.55,217700.0,0.3,217800.0,0.06,217900.0,0.11,218000.0,0.6,218100.0,0.18,218200.0,0.08
000066.SZ,2020-08-10,09:57:40,217300.0,2700.0,586710000.0,217200.0,0.03,217100.0,0.39,217000.0,0.44,216900.0,0.2,216800.0,0.23,216700.0,0.61,216600.0,0.5,216500.0,0.24,216400.0,0.03,216300.0,0.19,217300.0,0.08,217400.0,0.03,217500.0,0.03,217600.0,0.54,217700.0,0.3,217800.0,0.06,217900.0,0.11,218000.0,0.6,218100.0,0.18,218200.0,0.08
000066.SZ,2020-08-10,09:57:41,217300.0,200.0,43460000.0,217200.0,0.03,217100.0,0.39,217000.0,0.44,216900.0,0.2,216800.0,0.23,216700.0,0.61,216600.0,0.5,216500.0,0.24,216400.0,0.03,216300.0,0.19,217300.0,0.1,217400.0,0.04,217500.0,0.07,217600.0,0.54,217700.0,0.3,217800.0,0.07,217900.0,0.11,218000.0,0.61,218100.0,0.18,218200.0,0.08
000066.SZ,2020-08-10,09:57:42,217300.0,900.0,195570000.0,217200.0,0.03,217100.0,0.39,217000.0,0.42,216900.0,0.2,216800.0,0.23,216700.0,0.61,216600.0,0.5,216500.0,0.24,216400.0,0.03,216300.0,0.19,217300.0,0.09,217400.0,0.12,217500.0,0.07,217600.0,0.53,217700.0,0.3,217800.0,0.07,217900.0,0.11,218000.0,0.61,218100.0,0.18,218200.0,0.08
000066.SZ,2020-08-10,09:57:43,217300.0,1900.0,412788300.0,217200.0,0.02,217100.0,0.39,217000.0,0.42,216900.0,0.2,216800.0,0.23,216700.0,0.61,216600.0,0.5,216500.0,0.24,216400.0,0.03,216300.0,0.19,217300.0,0.05,217400.0,0.67,217500.0,0.18,217600.0,0.53,217700.0,0.29,217800.0,0.07,217900.0,0.1,218000.0,0.63,218100.0,0.18,218200.0,0.08
000066.SZ,2020-08-10,09:57:44,217300.0,5700.0,1238695500.0,217200.0,0.02,217100.0,0.39,217000.0,0.42,216900.0,0.2,216800.0,0.23,216700.0,0.61,216600.0,0.5,216500.0,0.24,216400.0,0.03,216300.0,0.19,217300.0,0.01,217400.0,0.66,217500.0,0.18,217600.0,0.54,217700.0,0.29,217800.0,0.07,217900.0,0.1,218000.0,0.72,218100.0,0.12,218200.0,0.09
000066.SZ,2020-08-10,09:57:45,217400.0,5900.0,1281686500.0,217300.0,0.16,217100.0,0.39,217000.0,0.42,216900.0,0.2,216800.0,0.23,216700.0,0.61,216600.0,0.5,216500.0,0.24,216400.0,0.02,216300.0,0.19,217400.0,0.66,217500.0,0.18,217600.0,0.48,217700.0,0.29,217800.0,0.07,217900.0,0.1,218000.0,0.73,218100.0,0.12,218200.0,0.09,218300.0,0.03
000066.SZ,2020-08-10,09:57:46,217300.0,4500.0,977899500.0,217300.0,0.12,217100.0,0.39,217000.0,0.39,216900.0,0.2,216800.0,0.23,216700.0,0.61,216600.0,0.5,216500.0,0.24,216400.0,0.02,216300.0,0.19,217400.0,0.65,217500.0,0.18,217600.0,0.49,217700.0,0.29,217800.0,0.07,217900.0,0.1,218000.0,0.79,218100.0,0.11,218200.0,0.11,218300.0,0.03
000066.SZ,2020-08-10,09:57:47,217400.0,4000.0,869288000.0,217300.0,0.12,217100.0,0.39,217000.0,0.39,216900.0,0.2,216800.0,0.23,216700.0,0.61,216600.0,0.5,216500.0,0.24,216400.0,0.02,216300.0,0.1,217400.0,0.65,217500.0,0.18,217600.0,0.49,217700.0,0.29,217800.0,0.07,217900.0,0.1,218000.0,0.79,218100.0,0.11,218200.0,0.11,218300.0,0.03
000066.SZ,2020-08-10,09:57:48,217300.0,2300.0,499790000.0,217300.0,0.13,217100.0,0.39,217000.0,0.39,216900.0,0.2,216800.0,0.23,216700.0,0.61,216600.0,0.5,216500.0,0.24,216400.0,0.02,216300.0,0.1,217400.0,0.65,217500.0,0.18,217600.0,0.49,217700.0,0.29,217800.0,0.07,217900.0,0.1,218000.0,0.79,218100.0,0.11,218200.0,0.11,218300.0,0.03
000066.SZ,2020-08-10,09:57:49,217300.0,22800.0,4956423600.0,217300.0,0.1,217100.0,0.39,217000.0,0.39,216900.0,0.2,216800.0,0.23,216700.0,0.61,216600.0,0.5,216500.0,0.24,216400.0,0.02,216300.0,0.1,217400.0,0.43,217500.0,0.18,217600.0,0.47,217700.0,0.29,217800.0,0.07,217900.0,0.1,218000.0,0.8,218100.0,0.11,218200.0,0.11,218300.0,0.03
000066.SZ,2020-08-10,09:57:50,217300.0,700.0,152180000.0,217300.0,0.13,217200.0,0.01,217100.0,0.39,217000.0,0.41,216900.0,0.2,216800.0,0.23,216700.0,0.61,216600.0,0.5,216500.0,0.24,216400.0,0.02,217400.0,0.42,217500.0,0.19,217600.0,0.47,217700.0,0.29,217800.0,0.07,217900.0,0.1,218000.0,0.79,218100.0,0.11,218200.0,0.11,218300.0,0.03
000066.SZ,2020-08-10,09:57:51,217400.0,27900.0,6063562800.0,217100.0,0.39,217000.0,0.41,216900.0,0.2,216800.0,0.23,216700.0,0.6,216600.0,0.5,216500.0,0.24,216400.0,0.02,216300.0,0.1,216200.0,0.06,217200.0,0.03,217400.0,0.31,217500.0,0.2,217600.0,0.46,217700.0,0.29,217800.0,0.07,217900.0,0.1,218000.0,0.79,218100.0,0.11,218200.0,0.11
000066.SZ,2020-08-10,09:57:52,217200.0,7000.0,1521016000.0,217100.0,0.38,217000.0,0.41,216900.0,0.2,216800.0,0.23,216700.0,0.6,216600.0,0.5,216500.0,0.24,216400.0,0.02,216300.0,0.09,216200.0,0.06,217200.0,0.01,217300.0,0.0,217400.0,0.28,217500.0,0.2,217600.0,0.46,217700.0,0.29,217800.0,0.07,217900.0,0.1,218000.0,0.8,218100.0,0.11
000066.SZ,2020-08-10,09:57:53,217100.0,27400.0,5955499600.0,217100.0,0.35,217000.0,0.41,216900.0,0.21,216800.0,0.23,216700.0,0.6,216600.0,0.5,216500.0,0.24,216400.0,0.02,216300.0,0.09,216200.0,0.06,217300.0,0.01,217400.0,0.04,217500.0,0.2,217600.0,0.46,217700.0,0.29,217800.0,0.07,217900.0,0.1,218000.0,0.8,218100.0,0.11,218200.0,0.11
000066.SZ,2020-08-10,09:57:54,217100.0,200.0,43420000.0,217200.0,0.01,217100.0,0.34,217000.0,0.41,216900.0,0.21,216800.0,0.23,216700.0,0.6,216600.0,0.5,216500.0,0.24,216400.0,0.02,216300.0,0.09,217300.0,0.02,217400.0,0.04,217500.0,0.2,217600.0,0.45,217700.0,0.29,217800.0,0.07,217900.0,0.1,218000.0,0.8,218100.0,0.11,218200.0,0.11
000066.SZ,2020-08-10,09:57:55,217100.0,6900.0,1499370000.0,217200.0,0.01,217100.0,0.34,217000.0,0.41,216900.0,0.21,216800.0,0.23,216700.0,0.6,216600.0,0.5,216500.0,0.24,216400.0,0.02,216300.0,0.09,217300.0,0.03,217400.0,0.04,217500.0,0.2,217600.0,0.45,217700.0,0.29,217800.0,0.07,217900.0,0.1,218000.0,0.81,218100.0,0.09,218200.0,0.11
000066.SZ,2020-08-10,09:57:56,217300.0,7100.0,1543305700.0,217400.0,0.07,217200.0,0.01,217100.0,0.34,217000.0,0.41,216900.0,0.21,216800.0,0.23,216700.0,0.6,216600.0,0.5,216500.0,0.24,216400.0,0.02,217500.0,0.19,217600.0,0.21,217700.0,0.29,217800.0,0.07,217900.0,0.1,218000.0,0.84,218100.0,0.09,218200.0,0.11,218300.0,0.03,218400.0,0.35
000066.SZ,2020-08-10,09:57:57,217400.0,35100.0,7634916900.0,217400.0,0.01,217300.0,0.0,217200.0,0.02,217100.0,0.34,217000.0,0.39,216900.0,0.21,216800.0,0.23,216700.0,0.6,216600.0,0.5,216500.0,0.24,217600.0,0.07,217700.0,0.29,217800.0,0.07,217900.0,0.1,218000.0,0.85,218100.0,0.09,218200.0,0.11,218300.0,0.03,218400.0,0.35,218500.0,0.38
000066.SZ,2020-08-10,09:57:58,217400.0,5400.0,1172858400.0,217500.0,0.06,217100.0,0.32,217000.0,0.39,216900.0,0.21,216800.0,0.23,216700.0,0.6,216600.0,0.5,216500.0,0.24,216400.0,0.02,216300.0,0.0,217600.0,0.07,217700.0,0.29,217800.0,0.07,217900.0,0.1,218000.0,0.85,218100.0,0.09,218200.0,0.11,218300.0,0.03,218400.0,0.35,218500.0,0.38
000066.SZ,2020-08-10,09:57:59,217100.0,34200.0,7426803600.0,217000.0,0.39,216900.0,0.21,216800.0,0.23,216700.0,0.6,216600.0,0.51,216500.0,0.24,216400.0,0.02,216300.0,0.0,216200.0,0.06,216100.0,0.02,217100.0,0.46,217200.0,0.01,217400.0,0.0,217600.0,0.07,217700.0,0.29,217800.0,0.07,217900.0,0.1,218000.0,0.85,218100.0,0.09,218200.0,0.11
000066.SZ,2020-08-10,09:58:00,217100.0,700.0,151970000.0,217000.0,0.39,216900.0,0.21,216800.0,0.23,216700.0,0.6,216600.0,0.51,216500.0,0.24,216400.0,0.02,216300.0,0.0,216200.0,0.06,216100.0,0.02,217100.0,0.46,217200.0,0.01,217400.0,0.0,217600.0,0.07,217700.0,0.29,217800.0,0.07,217900.0,0.1,218000.0,0.87,218100.0,0.09,218200.0,0.11
000066.SZ,2020-08-10,09:58:01,217100.0,19900.0,4320290000.0,217000.0,0.4,216900.0,0.21,216800.0,0.23,216700.0,0.6,216600.0,0.51,216500.0,0.24,216400.0,0.02,216300.0,0.0,216200.0,0.06,216100.0,0.02,217100.0,0.27,217200.0,0.01,217300.0,0.0,217400.0,0.02,217500.0,0.0,217600.0,0.07,217700.0,0.28,217800.0,0.07,217900.0,0.1,218000.0,0.87
000066.SZ,2020-08-10,09:58:02,217100.0,4000.0,868400000.0,217000.0,0.4,216900.0,0.21,216800.0,0.23,216700.0,0.6,216600.0,0.51,216500.0,0.24,216400.0,0.02,216300.0,0.0,216200.0,0.06,216100.0,0.02,217100.0,0.22,217200.0,0.01,217300.0,0.0,217400.0,0.03,217500.0,0.0,217600.0,0.07,217700.0,0.28,217800.0,0.07,217900.0,0.1,218000.0,0.87
000066.SZ,2020-08-10,09:58:03,217100.0,2100.0,455700000.0,217000.0,0.37,216900.0,0.21,216800.0,0.23,216700.0,0.6,216600.0,0.51,216500.0,0.24,216400.0,0.02,216300.0,0.0,216200.0,0.06,216100.0,0.02,217100.0,0.22,217200.0,0.01,217300.0,0.0,217400.0,0.05,217500.0,0.0,217600.0,0.07,217700.0,0.28,217800.0,0.07,217900.0,0.1,218000.0,0.87
000066.SZ,2020-08-10,09:58:04,217000.0,9000.0,1953900000.0,217000.0,0.44,216900.0,0.21,216800.0,0.23,216700.0,0.6,216600.0,0.51,216500.0,0.24,216400.0,0.02,216300.0,0.0,216200.0,0.06,216100.0,0.02,217100.0,0.13,217200.0,0.02,217300.0,0.0,217400.0,0.11,217500.0,0.0,217600.0,0.07,217700.0,0.28,217800.0,0.07,217900.0,0.05,218000.0,0.87
000066.SZ,2020-08-10,09:58:05,217100.0,2200.0,477558400.0,217000.0,0.44,216900.0,0.21,216800.0,0.33,216700.0,0.6,216600.0,0.51,216500.0,0.24,216400.0,0.02,216300.0,0.0,216200.0,0.06,216100.0,0.02,217100.0,0.16,217200.0,0.02,217300.0,0.0,217400.0,0.11,217500.0,0.0,217600.0,0.07,217700.0,0.28,217800.0,0.07,217900.0,0.05,218000.0,0.87
000066.SZ,2020-08-10,09:58:06,217100.0,6100.0,1324310000.0,217000.0,0.44,216900.0,0.21,216800.0,0.33,216700.0,0.6,216600.0,0.51,216500.0,0.24,216400.0,0.02,216300.0,0.0,216200.0,0.06,216100.0,0.02,217100.0,0.09,217200.0,0.02,217300.0,0.01,217400.0,0.11,217500.0,0.0,217600.0,0.07,217700.0,0.28,217800.0,0.07,217900.0,0.05,218000.0,0.87
000066.SZ,2020-08-10,09:58:07,217100.0,6700.0,1454248400.0,217000.0,0.4,216900.0,0.21,216800.0,0.33,216700.0,0.6,216600.0,0.51,216500.0,0.24,216400.0,0.02,216300.0,0.0,216200.0,0.06,216100.0,0.02,217100.0,0.05,217200.0,0.02,217300.0,0.01,217400.0,0.11,217500.0,0.0,217600.0,0.02,217700.0,0.28,217800.0,0.07,217900.0,0.05,218000.0,0.87
000066.SZ,2020-08-10,09:58:08,217100.0,8900.0,1932314600.0,217200.0,0.13,217100.0,0.01,217000.0,0.4,216900.0,0.21,216800.0,0.33,216700.0,0.6,216600.0,0.51,216500.0,0.24,216400.0,0.02,216300.0,0.0,217300.0,0.01,217400.0,0.11,217500.0,0.0,217600.0,0.02,217700.0,0.28,217800.0,0.07,217900.0,0.05,218000.0,0.87,218100.0,0.09,218200.0,0.11
000066.SZ,2020-08-10,09:58:09,217200.0,1600.0,347529600.0,217200.0,0.11,217100.0,0.03,217000.0,0.4,216900.0,0.21,216800.0,0.33,216700.0,0.6,216600.0,0.51,216500.0,0.24,216400.0,0.02,216300.0,0.0,217300.0,0.01,217400.0,0.11,217500.0,0.0,217600.0,0.02,217700.0,0.35,217800.0,0.07,217900.0,0.05,218000.0,0.87,218100.0,0.2,218200.0,0.11
000066.SZ,2020-08-10,09:58:10,217200.0,2800.0,608160000.0,217200.0,0.08,217100.0,0.05,217000.0,0.42,216900.0,0.21,216800.0,0.33,216700.0,0.61,216600.0,0.51,216500.0,0.24,216400.0,0.02,216300.0,0.0,217300.0,0.01,217400.0,0.16,217500.0,0.12,217600.0,0.02,217700.0,0.35,217800.0,0.07,217900.0,0.05,218000.0,0.86,218100.0,0.2,218200.0,0.11
000066.SZ,2020-08-10,09:58:11,217200.0,3700.0,803640000.0,217200.0,0.05,217100.0,0.1,217000.0,0.42,216900.0,0.21,216800.0,0.33,216700.0,0.61,216600.0,0.51,216500.0,0.24,216400.0,0.02,216300.0,0.0,217300.0,0.01,217400.0,0.16,217500.0,0.12,217600.0,0.02,217700.0,0.35,217800.0,0.07,217900.0,0.05,218000.0,0.86,218100.0,0.2,218200.0,0.11
000066.SZ,2020-08-10,09:58:12,217200.0,1000.0,217200000.0,217200.0,0.04,217100.0,0.1,217000.0,0.47,216900.0,0.21,216800.0,0.33,216700.0,0.61,216600.0,0.51,216500.0,0.24,216400.0,0.02,216300.0,0.0,217300.0,0.01,217400.0,0.16,217500.0,0.14,217600.0,0.02,217700.0,0.35,217800.0,0.07,217900.0,0.05,218000.0,0.86,218100.0,0.2,218200.0,0.11
000066.SZ,2020-08-10,09:58:13,217200.0,1900.0,412699000.0,217200.0,0.02,217100.0,0.1,217000.0,0.47,216900.0,0.21,216800.0,0.33,216700.0,0.61,216600.0,0.51,216500.0,0.24,216400.0,0.02,216300.0,0.0,217300.0,0.08,217400.0,0.16,217500.0,0.14,217600.0,0.02,217700.0,0.35,217800.0,0.07,217900.0,0.07,218000.0,0.87,218100.0,0.2,218200.0,0.11
000066.SZ,2020-08-10,09:58:14,217300.0,4800.0,1042339200.0,217100.0,0.08,217000.0,0.49,216900.0,0.21,216800.0,0.33,216700.0,0.61,216600.0,0.51,216500.0,0.24,216400.0,0.02,216300.0,0.0,216200.0,0.06,217200.0,0.08,217300.0,0.12,217400.0,0.15,217500.0,0.14,217600.0,0.02,217700.0,0.35,217800.0,0.07,217900.0,0.07,218000.0,0.87,218100.0,0.2
000066.SZ,2020-08-10,09:58:15,217200.0,20100.0,4366725000.0,217300.0,0.01,217200.0,0.15,217100.0,0.31,217000.0,0.49,216900.0,0.22,216800.0,0.35,216700.0,0.61,216600.0,0.51,216500.0,0.24,216400.0,0.02,217400.0,0.15,217500.0,0.14,217600.0,0.02,217700.0,0.35,217800.0,0.07,217900.0,0.07,218000.0,0.87,218100.0,0.2,218200.0,0.11,218300.0,0.03
000066.SZ,2020-08-10,09:58:16,217300.0,3300.0,716868900.0,217200.0,0.23,217100.0,0.31,217000.0,0.49,216900.0,0.22,216800.0,0.34,216700.0,0.61,216600.0,0.51,216500.0,0.32,216400.0,0.02,216300.0,0.0,217300.0,0.01,217400.0,0.15,217500.0,0.15,217600.0,0.04,217700.0,0.35,217800.0,0.08,217900.0,0.07,218000.0,0.89,218100.0,0.2,218200.0,0.07
000066.SZ,2020-08-10,09:58:17,217300.0,4600.0,999529400.0,217300.0,0.13,217200.0,0.22,217100.0,0.35,217000.0,0.5,216900.0,0.22,216800.0,0.34,216700.0,0.61,216600.0,0.51,216500.0,0.34,216400.0,0.02,217400.0,0.15,217500.0,0.15,217600.0,0.04,217700.0,0.35,217800.0,0.08,217900.0,0.07,218000.0,0.88,218100.0,0.2,218200.0,0.07,218300.0,0.03
000066.SZ,2020-08-10,09:58:18,217300.0,6200.0,1347260000.0,217300.0,0.08,217200.0,0.22,217100.0,0.35,217000.0,0.5,216900.0,0.22,216800.0,0.34,216700.0,0.61,216600.0,0.51,216500.0,0.34,216400.0,0.02,217400.0,0.15,217500.0,0.15,217600.0,0.04,217700.0,0.35,217800.0,0.08,217900.0,0.07,218000.0,0.88,218100.0,0.2,218200.0,0.08,218300.0,0.03
000066.SZ,2020-08-10,09:58:19,217300.0,10500.0,2281797000.0,217200.0,0.24,217100.0,0.35,217000.0,0.5,216900.0,0.22,216800.0,0.34,216700.0,0.61,216600.0,0.51,216500.0,0.34,216400.0,0.02,216300.0,0.0,217300.0,0.13,217400.0,0.13,217500.0,0.15,217600.0,0.04,217700.0,0.35,217800.0,0.08,217900.0,0.05,218000.0,0.86,218100.0,0.2,218200.0,0.08
000066.SZ,2020-08-10,09:58:20,217300.0,2200.0,477888400.0,217200.0,0.22,217100.0,0.35,217000.0,0.61,216900.0,0.22,216800.0,0.34,216700.0,0.61,216600.0,0.51,216500.0,0.34,216400.0,0.02,216300.0,0.0,217300.0,0.13,217400.0,0.13,217500.0,0.15,217600.0,0.04,217700.0,0.35,217800.0,0.08,217900.0,0.05,218000.0,0.87,218100.0,0.2,218200.0,0.08
000066.SZ,2020-08-10,09:58:21,217300.0,14500.0,3150951500.0,217300.0,0.76,217200.0,0.22,217100.0,0.35,217000.0,0.61,216900.0,0.22,216800.0,0.34,216700.0,0.61,216600.0,0.5,216500.0,0.34,216400.0,0.02,217400.0,0.12,217500.0,0.37,217600.0,0.04,217700.0,0.35,217800.0,0.08,217900.0,0.05,218000.0,0.87,218100.0,0.2,218200.0,0.08,218300.0,0.03
000066.SZ,2020-08-10,09:58:22,217300.0,4800.0,1043059200.0,217300.0,0.71,217200.0,0.22,217100.0,0.35,217000.0,0.62,216900.0,0.22,216800.0,0.34,216700.0,0.61,216600.0,0.5,216500.0,0.34,216400.0,0.02,217400.0,0.12,217500.0,0.4,217600.0,0.09,217700.0,0.15,217800.0,0.08,217900.0,0.05,218000.0,0.87,218100.0,0.2,218200.0,0.08,218300.0,0.03
000066.SZ,2020-08-10,09:58:23,217300.0,6400.0,1390854400.0,217300.0,0.65,217200.0,0.22,217100.0,0.35,217000.0,0.63,216900.0,0.22,216800.0,0.34,216700.0,0.61,216600.0,0.5,216500.0,0.34,216400.0,0.02,217400.0,0.11,217500.0,0.4,217600.0,0.09,217700.0,0.15,217800.0,0.08,217900.0,0.05,218000.0,0.88,218100.0,0.2,218200.0,0.08,218300.0,0.03
000066.SZ,2020-08-10,09:58:24,217300.0,16200.0,3521734200.0,217300.0,0.67,217200.0,0.22,217100.0,0.31,217000.0,0.63,216900.0,0.22,216800.0,0.34,216700.0,0.61,216600.0,0.5,216500.0,0.34,216400.0,0.02,217500.0,0.37,217600.0,0.09,217700.0,0.15,217800.0,0.08,217900.0,0.05,218000.0,0.88,218100.0,0.2,218200.0,0.08,218300.0,0.03,218400.0,0.23
000066.SZ,2020-08-10,09:58:25,217300.0,400.0,86950000.0,217300.0,0.84,217200.0,0.22,217100.0,0.33,217000.0,0.63,216900.0,0.22,216800.0,0.34,216700.0,0.61,216600.0,0.5,216500.0,0.34,216400.0,0.02,217400.0,0.05,217500.0,0.37,217600.0,0.09,217700.0,0.15,217800.0,0.08,217900.0,0.05,218000.0,0.88,218100.0,0.2,218200.0,0.08,218300.0,0.03
000066.SZ,2020-08-10,09:58:26,217400.0,4300.0,934467400.0,217300.0,0.8,217200.0,0.22,217100.0,0.33,217000.0,0.63,216900.0,0.22,216800.0,0.34,216700.0,0.61,216600.0,0.5,216500.0,0.34,216400.0,0.02,217400.0,0.04,217500.0,0.37,217600.0,0.09,217700.0,0.15,217800.0,0.08,217900.0,0.05,218000.0,0.89,218100.0,0.2,218200.0,0.08,218300.0,0.03
000066.SZ,2020-08-10,09:58:27,217300.0,15200.0,3304996800.0,217300.0,0.76,217200.0,0.23,217100.0,0.33,217000.0,0.63,216900.0,0.22,216800.0,0.35,216700.0,0.61,216600.0,0.5,216500.0,0.34,216400.0,0.02,217500.0,0.27,217600.0,0.09,217700.0,0.15,217800.0,0.08,217900.0,0.05,218000.0,0.89,218100.0,0.2,218200.0,0.08,218300.0,0.03,218400.0,0.22
000066.SZ,2020-08-10,09:58:28,217500.0,177100.0,38457973400.0,216900.0,0.22,216800.0,0.35,216700.0,0.61,216600.0,0.5,216500.0,0.34,216400.0,0.02,216300.0,0.0,216200.0,0.05,216100.0,0.02,216000.0,0.52,217000.0,0.61,217300.0,0.02,217500.0,0.27,217600.0,0.09,217700.0,0.15,217800.0,0.08,217900.0,0.05,218000.0,1.0,218100.0,0.2,218200.0,0.08
000066.SZ,2020-08-10,09:58:29,217000.0,20100.0,4361700000.0,216900.0,0.22,216800.0,0.35,216700.0,0.6,216600.0,0.5,216500.0,0.34,216400.0,0.02,216300.0,0.0,216200.0,0.05,216100.0,0.02,216000.0,0.52,217000.0,0.38,217300.0,0.02,217500.0,0.27,217600.0,0.09,217700.0,0.15,217800.0,0.08,217900.0,0.05,218000.0,1.0,218100.0,0.2,218200.0,0.08
000066.SZ,2020-08-10,09:58:30,217000.0,1700.0,368900000.0,216900.0,0.22,216800.0,0.35,216700.0,0.6,216600.0,0.5,216500.0,0.34,216400.0,0.02,216300.0,0.0,216200.0,0.05,216100.0,0.02,216000.0,0.53,217000.0,0.36,217300.0,0.02,217500.0,0.27,217600.0,0.09,217700.0,0.15,217800.0,0.08,217900.0,0.05,218000.0,1.0,218100.0,0.2,218200.0,0.08
000066.SZ,2020-08-10,09:58:31,217000.0,11600.0,2517200000.0,216900.0,0.22,216800.0,0.35,216700.0,0.67,216600.0,0.5,216500.0,0.34,216400.0,0.02,216300.0,0.0,216200.0,0.05,216100.0,0.02,216000.0,0.53,217000.0,0.24,217300.0,0.03,217400.0,0.0,217500.0,0.27,217600.0,0.11,217700.0,0.15,217800.0,0.08,217900.0,0.05,218000.0,1.0,218100.0,0.2
000066.SZ,2020-08-10,09:58:32,217000.0,14900.0,3233300000.0,216900.0,0.22,216800.0,0.35,216700.0,0.67,216600.0,0.5,216500.0,0.34,216400.0,0.02,216300.0,0.0,216200.0,0.05,216100.0,0.02,216000.0,0.53,217000.0,0.07,217300.0,0.05,217400.0,0.0,217500.0,0.27,217600.0,0.11,217700.0,0.15,217800.0,0.08,217900.0,0.05,218000.0,1.0,218100.0,0.2
000066.SZ,2020-08-10,09:58:33,217000.0,1400.0,303800000.0,216900.0,0.22,216800.0,0.35,216700.0,0.67,216600.0,0.5,216500.0,0.34,216400.0,0.02,216300.0,0.0,216200.0,0.05,216100.0,0.02,216000.0,0.53,217000.0,0.05,217300.0,0.14,217400.0,0.0,217500.0,0.29,217600.0,0.11,217700.0,0.15,217800.0,0.08,217900.0,0.05,218000.0,1.0,218100.0,0.2
000066.SZ,2020-08-10,09:58:34,217000.0,5000.0,1085030000.0,217000.0,1.0,216900.0,0.22,216800.0,0.35,216700.0,0.67,216600.0,0.5,216500.0,0.34,216400.0,0.02,216300.0,0.0,216200.0,0.05,216100.0,0.02,217300.0,0.14,217500.0,0.52,217600.0,0.11,217700.0,0.15,217800.0,0.08,217900.0,0.05,218000.0,1.0,218100.0,0.2,218200.0,0.08,218300.0,0.03
000066.SZ,2020-08-10,09:58:35,217300.0,17100.0,3715830000.0,217000.0,1.0,216900.0,0.22,216800.0,0.35,216700.0,0.67,216600.0,0.5,216500.0,0.34,216400.0,0.02,216300.0,0.0,216200.0,0.05,216100.0,0.02,217300.0,0.06,217500.0,0.53,217600.0,0.11,217700.0,0.15,217800.0,0.08,217900.0,0.05,218000.0,1.0,218100.0,0.2,218200.0,0.07,218300.0,0.03
000066.SZ,2020-08-10,09:58:36,217300.0,600.0,130200000.0,217000.0,1.0,216900.0,0.22,216800.0,0.35,216700.0,0.67,216600.0,0.5,216500.0,0.34,216400.0,0.02,216300.0,0.0,216200.0,0.05,216100.0,0.02,217300.0,0.06,217500.0,0.53,217600.0,0.11,217700.0,0.15,217800.0,0.08,217900.0,0.05,218000.0,1.0,218100.0,0.2,218200.0,0.07,218300.0,0.03
000066.SZ,2020-08-10,09:58:37,217000.0,300.0,65130000.0,217100.0,0.05,217000.0,1.0,216900.0,0.22,216800.0,0.35,216700.0,0.67,216600.0,0.5,216500.0,0.34,216400.0,0.02,216300.0,0.0,216200.0,0.05,217300.0,0.06,217500.0,0.56,217600.0,0.11,217700.0,0.15,217800.0,0.08,217900.0,0.05,218000.0,1.0,218100.0,0.2,218200.0,0.07,218300.0,0.03
000066.SZ,2020-08-10,09:58:38,217100.0,18900.0,4106988900.0,217400.0,0.02,217000.0,1.0,216900.0,0.22,216800.0,0.35,216700.0,0.67,216600.0,0.5,216500.0,0.34,216400.0,0.02,216300.0,0.0,216200.0,0.05,217500.0,0.48,217600.0,0.11,217700.0,0.15,217800.0,0.08,217900.0,0.05,218000.0,1.0,218100.0,0.2,218200.0,0.07,218300.0,0.03,218400.0,0.24
000066.SZ,2020-08-10,09:58:39,217500.0,112200.0,24348185400.0,216900.0,0.22,216800.0,0.35,216700.0,0.67,216600.0,0.5,216500.0,0.34,216400.0,0.02,216300.0,0.0,216200.0,0.05,216100.0,0.02,216000.0,0.53,217000.0,0.43,217500.0,0.49,217600.0,0.11,217700.0,0.15,217800.0,0.08,217900.0,0.05,218000.0,1.0,218100.0,0.2,218200.0,0.07,218300.0,0.03
000066.SZ,2020-08-10,09:58:40,217000.0,17200.0,3731746400.0,216900.0,0.15,216800.0,0.35,216700.0,0.67,216600.0,0.5,216500.0,0.34,216400.0,0.02,216300.0,0.0,216200.0,0.05,216100.0,0.02,216000.0,0.53,217000.0,0.31,217500.0,0.49,217600.0,0.09,217700.0,0.15,217800.0,0.08,217900.0,0.05,218000.0,1.0,218100.0,0.2,218200.0,0.07,218300.0,0.03
000066.SZ,2020-08-10,09:58:41,217000.0,3400.0,737548400.0,216900.0,0.13,216800.0,0.35,216700.0,0.67,216600.0,0.49,216500.0,0.34,216400.0,0.02,216300.0,0.0,216200.0,0.05,216100.0,0.02,216000.0,0.53,217000.0,0.35,217300.0,0.01,217500.0,0.49,217600.0,0.09,217700.0,0.15,217800.0,0.14,217900.0,0.05,218000.0,1.0,218100.0,0.2,218200.0,0.07
000066.SZ,2020-08-10,09:58:42,216900.0,14100.0,3059657700.0,216900.0,0.12,216800.0,0.35,216700.0,0.67,216600.0,0.49,216500.0,0.34,216400.0,0.02,216300.0,0.0,216200.0,0.05,216100.0,0.02,216000.0,0.61,217000.0,0.32,217300.0,0.01,217500.0,0.6,217600.0,0.09,217700.0,0.15,217800.0,0.14,217900.0,0.05,218000.0,1.0,218100.0,0.2,218200.0,0.07
000066.SZ,2020-08-10,09:58:43,217000.0,3300.0,715977900.0,216900.0,0.11,216800.0,0.35,216700.0,0.67,216600.0,0.49,216500.0,0.34,216400.0,0.02,216300.0,0.0,216200.0,0.05,216100.0,0.02,216000.0,0.61,217000.0,0.31,217300.0,0.01,217400.0,0.01,217500.0,0.6,217600.0,0.09,217700.0,0.15,217800.0,0.14,217900.0,0.05,218000.0,1.0,218100.0,0.2
000066.SZ,2020-08-10,09:58:44,217000.0,10200.0,2213400000.0,216900.0,0.11,216800.0,0.35,216700.0,0.67,216600.0,0.5,216500.0,0.34,216400.0,0.02,216300.0,0.0,216200.0,0.05,216100.0,0.02,216000.0,0.61,217000.0,0.2,217200.0,0.03,217300.0,0.01,217400.0,0.01,217500.0,0.61,217600.0,0.09,217700.0,0.15,217800.0,0.14,217900.0,0.05,218000.0,1.0
000066.SZ,2020-08-10,09:58:45,217000.0,4800.0,1041600000.0,216900.0,0.12,216800.0,0.35,216700.0,0.67,216600.0,0.5,216500.0,0.34,216400.0,0.02,216300.0,0.0,216200.0,0.05,216100.0,0.02,216000.0,0.61,217000.0,0.15,217200.0,0.04,217300.0,0.01,217400.0,0.01,217500.0,0.61,217600.0,0.09,217700.0,0.15,217800.0,0.14,217900.0,0.05,218000.0,1.0
000066.SZ,2020-08-10,09:58:46,217000.0,23900.0,5185869800.0,216900.0,0.04,216800.0,0.36,216700.0,0.67,216600.0,0.5,216500.0,0.34,216400.0,0.02,216300.0,0.13,216200.0,0.05,216100.0,0.02,216000.0,0.61,217200.0,0.02,217300.0,0.01,217400.0,0.01,217500.0,0.61,217600.0,0.09,217700.0,0.15,217800.0,0.14,217900.0,0.05,218000.0,1.0,218100.0,0.2
000066.SZ,2020-08-10,09:58:47,217200.0,3100.0,673010000.0,217200.0,0.01,217000.0,0.19,216900.0,0.03,216800.0,0.36,216700.0,0.67,216600.0,0.5,216500.0,0.34,216400.0,0.02,216300.0,0.13,216200.0,0.05,217300.0,0.02,217400.0,0.01,217500.0,0.61,217600.0,0.09,217700.0,0.15,217800.0,0.14,217900.0,0.05,218000.0,1.0,218100.0,0.2,218200.0,0.07
000066.SZ,2020-08-10,09:58:48,217200.0,1600.0,347329600.0,217000.0,0.21,216900.0,0.03,216800.0,0.36,216700.0,0.67,216600.0,0.5,216500.0,0.34,216400.0,0.02,216300.0,0.13,216200.0,0.05,216100.0,0.02,217300.0,0.02,217400.0,0.01,217500.0,0.61,217600.0,0.09,217700.0,0.16,217800.0,0.14,217900.0,0.05,218000.0,1.0,218100.0,0.2,218200.0,0.08
000066.SZ,2020-08-10,09:58:49,217300.0,5300.0,1150126500.0,217000.0,0.16,216900.0,0.09,216800.0,0.36,216700.0,0.67,216600.0,0.5,216500.0,0.34,216400.0,0.02,216300.0,0.13,216200.0,0.05,216100.0,0.02,217300.0,0.02,217400.0,0.01,217500.0,0.61,217600.0,0.09,217700.0,0.16,217800.0,0.14,217900.0,0.05,218000.0,1.0,218100.0,0.2,218200.0,0.08
000066.SZ,2020-08-10,09:58:50,217000.0,11000.0,2387066000.0,217100.0,0.05,217000.0,0.18,216900.0,0.09,216800.0,0.37,216700.0,0.67,216600.0,0.5,216500.0,0.34,216400.0,0.02,216300.0,0.13,216200.0,0.05,217300.0,0.02,217400.0,0.01,217500.0,0.61,217600.0,0.09,217700.0,0.16,217800.0,0.14,217900.0,0.05,218000.0,1.0,218100.0,0.2,218200.0,0.08
000066.SZ,2020-08-10,09:58:51,217100.0,2200.0,477620000.0,217100.0,0.02,217000.0,0.19,216900.0,0.1,216800.0,0.37,216700.0,0.67,216600.0,0.51,216500.0,0.34,216400.0,0.02,216300.0,0.13,216200.0,0.05,217300.0,0.02,217400.0,0.02,217500.0,0.61,217600.0,0.09,217700.0,0.16,217800.0,0.14,217900.0,0.05,218000.0,1.0,218100.0,0.2,218200.0,0.08
000066.SZ,2020-08-10,09:58:52,217100.0,2000.0,434540000.0,217300.0,0.2,217100.0,0.23,217000.0,0.35,216900.0,0.11,216800.0,0.37,216700.0,0.67,216600.0,0.51,216500.0,0.35,216400.0,0.02,216300.0,0.13,217400.0,0.02,217500.0,0.61,217600.0,0.09,217700.0,0.16,217800.0,0.14,217900.0,0.05,218000.0,1.0,218100.0,0.2,218200.0,0.08,218300.0,0.03
000066.SZ,2020-08-10,09:58:53,217300.0,2000.0,434600000.0,217300.0,0.17,217100.0,0.23,217000.0,0.35,216900.0,0.12,216800.0,0.37,216700.0,0.67,216600.0,0.51,216500.0,0.35,216400.0,0.02,216300.0,0.13,217400.0,0.02,217500.0,0.61,217600.0,0.09,217700.0,0.16,217800.0,0.14,217900.0,0.05,218000.0,1.0,218100.0,0.2,218200.0,0.08,218300.0,0.03
000066.SZ,2020-08-10,09:58:54,217300.0,15400.0,3347590400.0,217300.0,0.09,217100.0,0.23,217000.0,0.37,216900.0,0.12,216800.0,0.37,216700.0,0.67,216600.0,0.51,216500.0,0.35,216400.0,0.02,216300.0,0.13,217500.0,0.56,217600.0,0.09,217700.0,0.16,217800.0,0.14,217900.0,0.05,218000.0,1.0,218100.0,0.2,218200.0,0.08,218300.0,0.03,218400.0,0.16
000066.SZ,2020-08-10,09:58:55,217500.0,32100.0,6970482900.0,217000.0,0.36,216900.0,0.12,216800.0,0.37,216700.0,0.67,216600.0,0.51,216500.0,0.35,216400.0,0.02,216300.0,0.13,216200.0,0.05,216100.0,0.02,217500.0,0.55,217600.0,0.09,217700.0,0.16,217800.0,0.14,217900.0,0.05,218000.0,1.0,218100.0,0.2,218200.0,0.08,218300.0,0.03,218400.0,0.16
000066.SZ,2020-08-10,09:58:56,217000.0,0.0,0.0,217300.0,0.01,217000.0,0.37,216900.0,0.12,216800.0,0.37,216700.0,0.67,216600.0,0.51,216500.0,0.35,216400.0,0.02,216300.0,0.13,216200.0,0.05,217500.0,0.54,217600.0,0.09,217700.0,0.16,217800.0,0.14,217900.0,0.05,218000.0,1.0,218100.0,0.2,218200.0,0.08,218300.0,0.03,218400.0,0.16
000066.SZ,2020-08-10,09:58:57,217000.0,3000.0,651420000.0,217000.0,0.28,216900.0,0.12,216800.0,0.37,216700.0,0.67,216600.0,0.51,216500.0,0.35,216400.0,0.02,216300.0,0.13,216200.0,0.05,216100.0,0.02,217400.0,0.01,217500.0,0.54,217600.0,0.09,217700.0,0.16,217800.0,0.14,217900.0,0.05,218000.0,1.0,218100.0,0.2,218200.0,0.08,218300.0,0.03
000066.SZ,2020-08-10,09:58:58,217300.0,3700.0,804269000.0,217000.0,0.28,216900.0,0.13,216800.0,0.37,216700.0,0.67,216600.0,0.51,216500.0,0.35,216400.0,0.02,216300.0,0.13,216200.0,0.05,216100.0,0.02,217100.0,0.2,217500.0,0.54,217600.0,0.09,217700.0,0.16,217800.0,0.14,217900.0,0.05,218000.0,1.0,218100.0,0.2,218200.0,0.08,218300.0,0.03
000066.SZ,2020-08-10,09:58:59,217300.0,18000.0,3907800000.0,217400.0,0.06,217000.0,0.28,216900.0,0.13,216800.0,0.37,216700.0,0.67,216600.0,0.51,216500.0,0.35,216400.0,0.02,216300.0,0.13,216200.0,0.05,217500.0,0.54,217600.0,0.09,217700.0,0.16,217800.0,0.14,217900.0,0.05,218000.0,1.0,218100.0,0.2,218200.0,0.08,218300.0,0.03,218400.0,0.16
000066.SZ,2020-08-10,09:59:00,217100.0,4400.0,956916400.0,217400.0,0.1,217300.0,0.01,217000.0,0.28,216900.0,0.13,216800.0,0.37,216700.0,0.67,216600.0,0.51,216500.0,0.37,216400.0,0.02,216300.0,0.13,217500.0,0.51,217600.0,0.09,217700.0,0.16,217800.0,0.14,217900.0,0.05,218000.0,1.0,218100.0,0.2,218200.0,0.08,218300.0,0.03,218400.0,0.16
000066.SZ,2020-08-10,09:59:01,217500.0,27500.0,5977262500.0,217000.0,0.23,216900.0,0.13,216800.0,0.37,216700.0,0.67,216600.0,0.51,216500.0,0.37,216400.0,0.02,216300.0,0.13,216200.0,0.05,216100.0,0.02,217500.0,0.38,217600.0,0.09,217700.0,0.16,217800.0,0.14,217900.0,0.05,218000.0,1.0,218100.0,0.2,218200.0,0.08,218300.0,0.03,218400.0,0.16
000066.SZ,2020-08-10,09:59:02,217500.0,13300.0,2892696800.0,217300.0,0.0,217000.0,0.25,216900.0,0.12,216800.0,0.39,216700.0,0.67,216600.0,0.51,216500.0,0.37,216400.0,0.02,216300.0,0.13,216200.0,0.05,217500.0,0.46,217600.0,0.09,217700.0,0.16,217800.0,0.14,217900.0,0.05,218000.0,1.0,218100.0,0.2,218200.0,0.08,218300.0,0.03,218400.0,0.16
000066.SZ,2020-08-10,09:59:03,217500.0,9500.0,2064445000.0,217000.0,0.26,216900.0,0.11,216800.0,0.39,216700.0,0.67,216600.0,0.51,216500.0,0.37,216400.0,0.02,216300.0,0.13,216200.0,0.05,216100.0,0.02,217100.0,0.01,217300.0,0.21,217500.0,0.52,217600.0,0.09,217700.0,0.16,217800.0,0.14,217900.0,0.05,218000.0,1.0,218100.0,0.2,218200.0,0.08
000066.SZ,2020-08-10,09:59:04,217300.0,4800.0,1042929600.0,217000.0,0.28,216900.0,0.11,216800.0,0.39,216700.0,0.67,216600.0,0.51,216500.0,0.37,216400.0,0.02,216300.0,0.13,216200.0,0.05,216100.0,0.02,217200.0,0.0,217300.0,0.21,217500.0,0.52,217600.0,0.09,217700.0,0.16,217800.0,0.14,217900.0,0.05,218000.0,1.0,218100.0,0.2,218200.0,0.08
000066.SZ,2020-08-10,09:59:05,217300.0,2300.0,499778500.0,217000.0,0.38,216900.0,0.05,216800.0,0.39,216700.0,0.67,216600.0,0.51,216500.0,0.37,216400.0,0.02,216300.0,0.13,216200.0,0.05,216100.0,0.02,217300.0,0.2,217500.0,0.52,217600.0,0.09,217700.0,0.16,217800.0,0.14,217900.0,0.05,218000.0,1.0,218100.0,0.2,218200.0,0.08,218300.0,0.03
000066.SZ,2020-08-10,09:59:06,217300.0,22300.0,4846682000.0,217100.0,0.01,217000.0,0.39,216900.0,0.05,216800.0,0.39,216700.0,0.67,216600.0,0.51,216500.0,0.37,216400.0,0.02,216300.0,0.13,216200.0,0.05,217400.0,0.0,217500.0,0.47,217600.0,0.09,217700.0,0.16,217800.0,0.14,217900.0,0.05,218000.0,1.0,218100.0,0.2,218200.0,0.08,218300.0,0.03
000066.SZ,2020-08-10,09:59:07,217500.0,10000.0,2174940000.0,217300.0,0.02,217100.0,0.01,217000.0,0.43,216900.0,0.05,216800.0,0.39,216700.0,0.67,216600.0,0.51,216500.0,0.37,216400.0,0.02,216300.0,0.13,217500.0,0.4,217600.0,0.09,217700.0,0.16,217800.0,0.14,217900.0,0.05,218000.0,1.0,218100.0,0.2,218200.0,0.08,218300.0,0.03,218400.0,0.16
000066.SZ,2020-08-10,09:59:08,217500.0,12000.0,2604684000.0,217000.0,0.33,216900.0,0.05,216800.0,0.39,216700.0,0.67,216600.0,0.51,216500.0,0.37,216400.0,0.02,216300.0,0.13,216200.0,0.05,216100.0,0.02,217400.0,0.06,217500.0,0.44,217600.0,0.09,217700.0,0.16,217800.0,0.14,217900.0,0.05,218000.0,1.0,218100.0,0.2,218200.0,0.08,218300.0,0.03
000066.SZ,2020-08-10,09:59:09,217000.0,13000.0,2826200000.0,217300.0,0.01,217000.0,0.32,216900.0,0.05,216800.0,0.39,216700.0,0.67,216600.0,0.51,216500.0,0.37,216400.0,0.02,216300.0,0.13,216200.0,0.05,217400.0,0.14,217500.0,0.45,217600.0,0.09,217700.0,0.16,217800.0,0.14,217900.0,0.05,218000.0,1.0,218100.0,0.2,218200.0,0.08,218300.0,0.03
000066.SZ,2020-08-10,09:59:10,217400.0,1300.0,282579700.0,217300.0,0.03,217100.0,0.01,217000.0,0.32,216900.0,0.05,216800.0,0.39,216700.0,0.67,216600.0,0.51,216500.0,0.37,216400.0,0.02,216300.0,0.13,217400.0,0.14,217500.0,0.48,217600.0,0.09,217700.0,0.16,217800.0,0.14,217900.0,0.05,218000.0,1.0,218100.0,0.2,218200.0,0.06,218300.0,0.03
000066.SZ,2020-08-10,09:59:11,217400.0,33700.0,7328031300.0,217300.0,0.01,217100.0,0.01,217000.0,0.31,216900.0,0.05,216800.0,0.39,216700.0,0.67,216600.0,0.51,216500.0,0.37,216400.0,0.02,216300.0,0.13,217400.0,0.02,217500.0,0.27,217600.0,0.09,217700.0,0.16,217800.0,0.14,217900.0,0.05,218000.0,1.0,218100.0,0.2,218200.0,0.06,218300.0,0.03
000066.SZ,2020-08-10,09:59:12,217300.0,1300.0,282569300.0,217300.0,0.0,217100.0,0.01,217000.0,0.31,216900.0,0.05,216800.0,0.36,216700.0,0.67,216600.0,0.51,216500.0,0.37,216400.0,0.02,216300.0,0.13,217400.0,0.01,217500.0,0.28,217600.0,0.09,217700.0,0.16,217800.0,0.14,217900.0,0.05,218000.0,1.0,218100.0,0.2,218200.0,0.06,218300.0,0.03
000066.SZ,2020-08-10,09:59:13,217400.0,9100.0,1978221700.0,217400.0,0.15,217300.0,0.01,217100.0,0.01,217000.0,0.33,216900.0,0.05,216800.0,0.36,216700.0,0.67,216600.0,0.51,216500.0,0.37,216400.0,0.02,217500.0,0.28,217600.0,0.09,217700.0,0.16,217800.0,0.14,217900.0,0.05,218000.0,1.0,218100.0,0.2,218200.0,0.06,218300.0,0.03,218400.0,0.16
000066.SZ,2020-08-10,09:59:14,217400.0,300.0,65220000.0,217400.0,0.16,217300.0,0.01,217100.0,0.01,217000.0,0.46,216900.0,0.05,216800.0,0.36,216700.0,0.67,216600.0,0.6,216500.0,0.37,216400.0,0.02,217500.0,0.29,217600.0,0.09,217700.0,0.16,217800.0,0.14,217900.0,0.05,218000.0,1.0,218100.0,0.2,218200.0,0.06,218300.0,0.03,218400.0,0.16
000066.SZ,2020-08-10,09:59:15,217400.0,1200.0,260880000.0,217400.0,0.15,217300.0,0.11,217100.0,0.01,217000.0,0.46,216900.0,0.05,216800.0,0.36,216700.0,0.67,216600.0,0.6,216500.0,0.37,216400.0,0.02,217500.0,0.29,217600.0,0.09,217700.0,0.5,217800.0,0.14,217900.0,0.05,218000.0,1.0,218100.0,0.2,218200.0,0.06,218300.0,0.03,218400.0,0.16
000066.SZ,2020-08-10,09:59:16,217400.0,13900.0,3021860000.0,217300.0,0.15,217100.0,0.02,217000.0,0.45,216900.0,0.05,216800.0,0.36,216700.0,0.67,216600.0,0.6,216500.0,0.37,216400.0,0.02,216300.0,0.13,217400.0,0.01,217500.0,0.29,217600.0,0.09,217700.0,0.5,217800.0,0.14,217900.0,0.05,218000.0,1.0,218100.0,0.2,218200.0,0.06,218300.0,0.03
000066.SZ,2020-08-10,09:59:17,217400.0,9100.0,1977475500.0,217400.0,0.01,217300.0,0.06,217100.0,0.02,217000.0,0.45,216900.0,0.05,216800.0,0.36,216700.0,0.67,216600.0,0.6,216500.0,0.37,216400.0,0.02,217500.0,0.34,217600.0,0.09,217700.0,0.5,217800.0,0.14,217900.0,0.05,218000.0,1.0,218100.0,0.2,218200.0,0.06,218300.0,0.03,218400.0,0.16
000066.SZ,2020-08-10,09:59:18,217400.0,9400.0,2043014800.0,217400.0,0.23,217300.0,0.09,217100.0,0.03,217000.0,0.45,216900.0,0.05,216800.0,0.36,216700.0,0.67,216600.0,0.6,216500.0,0.37,216400.0,0.02,217500.0,0.34,217600.0,0.09,217700.0,0.5,217800.0,0.14,217900.0,0.05,218000.0,1.0,218100.0,0.2,218200.0,0.06,218300.0,0.03,218400.0,0.16
000066.SZ,2020-08-10,09:59:19,217400.0,16200.0,3521880000.0,217400.0,0.05,217300.0,0.09,217200.0,0.02,217100.0,0.03,217000.0,0.45,216900.0,0.05,216800.0,0.36,216700.0,0.67,216600.0,0.6,216500.0,0.37,217500.0,0.34,217600.0,0.09,217700.0,0.5,217800.0,0.14,217900.0,0.05,218000.0,1.0,218100.0,0.2,218200.0,0.06,218300.0,0.03,218400.0,0.16
000066.SZ,2020-08-10,09:59:20,217400.0,31700.0,6894686600.0,217500.0,0.26,217400.0,0.04,217300.0,0.09,217200.0,0.02,217100.0,0.04,217000.0,0.65,216900.0,0.05,216800.0,0.36,216700.0,0.67,216600.0,0.57,217600.0,0.09,217700.0,0.5,217800.0,0.14,217900.0,0.05,218000.0,1.0,218100.0,0.2,218200.0,0.06,218300.0,0.03,218400.0,0.16,218500.0,1.0
000066.SZ,2020-08-10,09:59:21,217500.0,30200.0,6567563800.0,217300.0,0.07,217200.0,0.02,217100.0,0.03,217000.0,0.65,216900.0,0.05,216800.0,0.36,216700.0,0.67,216600.0,0.57,216500.0,0.37,216400.0,0.04,217400.0,0.03,217500.0,0.02,217600.0,0.09,217700.0,0.5,217800.0,0.14,217900.0,0.05,218000.0,1.0,218100.0,0.2,218200.0,0.06,218300.0,0.03
000066.SZ,2020-08-10,09:59:22,217400.0,6500.0,1412547500.0,217300.0,0.01,217200.0,0.02,217100.0,0.03,217000.0,0.65,216900.0,0.05,216800.0,0.36,216700.0,0.67,216600.0,0.57,216500.0,0.37,216400.0,0.04,217400.0,0.13,217500.0,0.03,217600.0,0.09,217700.0,0.5,217800.0,0.14,217900.0,0.05,218000.0,1.0,218100.0,0.2,218200.0,0.06,218300.0,0.03
